2534 4154
112 376 115 383 ,
159 337 224 403 114
611 354 726 405 aarum
789 386 792 391 ι

156 512 211 582 τῆς
231 499 383 578 μεσούσης
404 506 486 576 arripi
510 516 609 578 potest.
655 508 796 562 Caeterum
820 489 987 571 homimem,
1013 508 1068 563 sive
1090 509 1181 564 leriae.

156 595 256 667 primae
279 591 412 646 hocloco
436 608 488 644 non
512 592 641 655 meminit,
665 593 738 664 quod
760 591 794 646 ab
816 609 845 646 ea
869 609 1005 666 nunquam
1029 593 1174 666 Xeropha-

156 679 215 752 giae
245 676 393 731 hebdomas
421 676 488 730 inire
517 677 619 748 possit,
649 677 871 732 cum'llominico
901 676 943 732 die
972 677 1093 733 ieiunare
1117 696 1173 734 non

156 764 244 819 liceat.
288 762 321 817 Et
342 770 431 816 tamen
455 760 525 815 siin
549 778 606 816 eam
633 765 667 818 14
693 762 782 816 Lunae
805 761 861 816 dies
884 761 1016 825 inciderit,
1040 763 1172 834 postridie

109 847 350 920 nihterophaginm
383 844 555 901 inchoabant.
600 846 629 900 ln
664 846 1016 901 l'essareseaedecatitarum
1050 847 1171 911 llaeresi,

155 950 224 1006 quae
247 941 289 986 est
311 930 542 1004 quinquagesima,
566 932 660 1003 eap.'2
684 931 716 985 de
739 930 834 986 diebus
853 931 917 1002 agit,
942 948 1010 1003 quos
1032 941 1095 988 ante
1120 933 1174 988 aa·
1209 969 1211 973 ν

78 1022 81 1033 ’
156 1017 255 1073 schatis
288 1015 400 1070 solenne
429 1025 482 1071 tam
506 1016 594 1070 ludaei
622 1026 701 1087 quam
725 1015 868 1072 Christiani
890 1015 1073 1071 celebrabant.
1119 1017 1175 1073 lle·

50 1170 55 1178 ·
155 1101 298 1176 prehendit
321 1101 390 1154 enim
407 1100 571 1166 llaereticos
596 1101 641 1172 qui
663 1103 695 1156 ad
718 1118 802 1156 unum
825 1100 895 1154 diem
916 1109 1071 1172 respectum
1085 1101 1175 1158 habe-

155 1196 225 1250 rent,
249 1203 308 1241 curn
332 1203 345 1239 a
369 1185 473 1240 decimo
497 1185 538 1239 die
561 1201 659 1258 agnum
683 1185 761 1257 deligi
785 1186 969 1257 asservarique
984 1186 1037 1241 Lex
1059 1204 1175 1259 praeoe-

155 1273 233 1346 perit.
280 1271 354 1325 Unde
382 1270 502 1343 quinque
530 1269 563 1325 ah
590 1270 641 1324 illis
671 1271 727 1324 dies
761 1269 898 1325 observari
929 1269 1089 1326 debuerant.
1137 1272 1175 1328 Ile

154 1357 259 1413 ludaeis
282 1357 352 1410 enim
375 1371 405 1409 ac
427 1353 625 1409 ludaizantibus
649 1355 894 1423 Quartodecimanis
916 1353 1046 1426 loquitur.
1085 1356 1174 1412 Porro

155 1443 244 1497 ludaei
273 1458 334 1496 cum
363 1440 465 1495 decima
488 1449 581 1511 quarta
603 1431 646 1496 die
669 1440 702 1495 ad
723 1457 861 1512 vesperam
885 1440 987 1494 Pascha
1009 1449 1174 1513 peragerent

155 1537 182 1583 ot
204 1526 306 1581 decima
329 1525 371 1580 die
394 1542 492 1596 agnum
508 1533 647 1596 caperent,
672 1528 688 1581 5
705 1525 806 1580 solidos
821 1524 879 1580 dies
894 1524 1016 1596 religioni
1032 1525 1174 1582 Paschatis

155 1610 349 1668 attribuebant.
393 1611 450 1664 lmo
479 1626 542 1663 vero
572 1626 633 1664 eum
662 1620 776 1665 exeunte
808 1613 844 1668 14
868 1626 968 1682 agnum
989 1609 1172 1676 immolarent,

155 1700 266 1752 ineunte
288 1711 400 1767 vespera
414 1697 459 1758 15,
484 1695 564 1749 huius
587 1695 698 1750 horest
715 1697 760 1759 15,
776 1703 880 1766 partem
895 1693 1024 1756 libabant,
1048 1695 1172 1768 adeoque

156 1785 173 1838 b
197 1782 253 1836 dies
276 1779 467 1843 observabant,
497 1797 553 1834 non
575 1797 655 1834 unam
678 1781 814 1836 duntaxat.
861 1779 948 1847 Quare
971 1796 1020 1833 nos
1044 1796 1077 1834 eo
1100 1780 1171 1845 loco,

154 1867 181 1922 id
204 1875 245 1920 est
267 1881 294 1936 p.
312 1866 367 1920 421
395 1865 454 1919 1ιῖ
477 1855 495 1937 ἦ
520 1855 596 1937 αὕτη
618 1857 868 1938 πεντεκαιδεκάτη
887 1856 1105 1940 ἓιιιφώσκουσα
1122 1883 1172 1938 pro

154 1940 466 2024 τεσσαρεσκαιδεκάτη
488 1947 692 2003 rescribendum
714 1958 849 2022 putamus.
895 1949 979 2017 Quam
1002 1949 1174 2006 emendatio-

155 2051 218 2090 nem
240 2033 373 2088 sententia
396 2031 453 2103 ipsa
475 2032 604 2104 postulat.
1067 2032 1070 2038 ’

242 2120 301 2175 824
319 2117 344 2171 d.
375 2108 443 2172 οὔτε
465 2110 524 2192 γάρ
547 2112 578 2183 ἐξ
593 2106 819 2190 ἑκκαιδεκάτης]
844 2117 956 2173 llultum
973 2118 1126 2190 implicatus
1142 2136 1175 2176 ae

156 2203 311 2276 salebrosas
333 2203 376 2258 hic
398 2202 475 2257 locus
498 2210 548 2265 est,
577 2201 722 2276 quinetiam
746 2203 879 2274 superiori
902 2203 1040 2258 doetrinae
1064 2203 1175 2260 minime

156 2297 355 2345 consentaneus
383 2286 502 2351 videtur,
531 2304 584 2361 qua
606 2285 745 2341 definitum
769 2295 825 2353 est,
856 2287 879 2342 si
900 2287 928 2342 in
950 2286 1066 2359 aliquam
1090 2305 1106 2344 e
1128 2305 1176 2344 εε11

155 2373 339 2429 hebdomadae
361 2373 434 2428 feriis
461 2376 495 2428 14
520 2373 594 2427 Luna
617 2371 752 2435 ceciderit,
775 2372 971 2429 hebdomadem
987 2372 1175 2446 Xerophagiae

155 2461 223 2516 inire
246 2458 278 2513 ab
301 2458 418 2514 secunda
440 2457 514 2512 seria.
551 2457 695 2528 Fingamus
717 2456 807 2529 itaque
830 2458 932 2512 Lunam
958 2460 994 2514 14
1017 2458 1045 2512 in
1069 2457 1176 2513 Sabba-

156 2555 214 2599 tum
242 2545 395 2598 inrurrere:
424 2542 534 2614 incipiet
556 2542 756 2614 Xerophagiae,
785 2543 840 2598 sive
862 2542 1000 2598 Paschatis
1024 2543 1174 2598 hebdomas

157 2628 189 2683 ab
220 2629 355 2683 anteriora
384 2628 449 2681 seria
474 2630 501 2691 2,
531 2636 561 2681 ut
584 2627 685 2681 dictum
708 2635 759 2681 est.
804 2627 885 2699 Atqui
912 2629 979 2683 haee
1002 2627 1101 2699 ipsa9
1133 2638 1175 2685 est

156 2713 239 2776 huna,
263 2728 317 2766 non
339 2715 390 2771 111.
444 2711 559 2779 Quodsi,
580 2720 613 2766 111
635 2711 782 2784 scaligero,
806 2711 927 2776 Calvisio,
951 2711 1064 2786 aliisque
1087 2713 1173 2769 visum

157 2806 213 2856 est.
237 2795 438 2851 dill'undendum
462 2796 496 2850 sit
518 2796 703 2868 Xerophagiae
726 2797 830 2860 initium
853 2797 880 2851 in
902 2796 995 2851 leriam
1019 2799 1037 2852 2
1061 2796 1174 2853 alterius

156 2881 340 2944 hebdomadis,
364 2880 510 2951 itidemque
531 2880 635 2935 Pascha
656 2881 761 2936 abana
787 2884 822 2937 15
838 2881 864 2935 in
882 2883 920 2938 22
944 2882 1173 2948 transferendum,

154 2967 322 3039 Xerophagia
352 2982 366 3018 a
392 2967 427 3020 16
451 2965 524 3019 buna
547 2965 696 3020 inchoanda
719 2965 814 3031 luerit,
843 2965 916 3039 quod
937 2967 1088 3038 legitimum
1111 2983 1175 3023 esse

155 3061 235 3124 negat
257 3050 432 3123 Epiphanius.
478 3046 565 3117 Qua're
594 3050 634 3104 vin
662 3060 704 3106 est
731 3061 764 3126 111
790 3051 916 3123 expedire
937 3068 988 3106 nos
1011 3069 1044 3107 ex
1065 3051 1108 3108 his
1132 3053 1175 3108 la-

155 3138 231 3209 queis
254 3136 399 3209 possimus.
433 3133 494 3190 Sive
517 3135 586 3189 enim
610 3135 795 3207 Xerophagiae
817 3136 902 3208 prima
924 3135 980 3190 dies
1003 3137 1029 3191 in
1053 3135 1098 3191 illa
1121 3138 1175 3210 hy-

57 3238 60 3243 ·
155 3222 264 3295 pothesi
285 3222 319 3276 sit
342 3220 406 3275 feria
429 3219 556 3283 secunda,
580 3219 613 3274 ab
636 3221 744 3276 11111119
768 3220 963 3276 hebdomadem
985 3230 1106 3295 sapetam
1122 3239 1174 3277 au-

46 3315 50 3323 '
156 3306 328 3379 spicabimur,
353 3306 407 3360 sive
430 3305 457 3359 in
480 3314 640 3377 sequentem
664 3305 754 3360 leriam
778 3306 923 3361 secundam
946 3305 1085 3361 differatur
1101 3306 1174 3362 illius

68 3408 71 3415 ⁵
155 3391 270 3455 initium,
293 3391 321 3445 in
343 3391 445 3445 Lunam
472 3393 507 3446 16
531 3390 639 3445 incidet.
670 3389 810 3445 Haesimus
832 3390 877 3446 hio
899 3390 1061 3462 aliquandiu,
1085 3391 1174 3447 donee

156 3484 256 3529 certam
283 3476 350 3530 viam
379 3476 562 3530 iterationem
585 3475 748 3539 invenimus,
778 3493 831 3548 qna
854 3475 989 3531 conciliari
1011 3476 1079 3531 haec
1101 3476 1174 3532 inter

156 3575 185 3614 se
209 3559 388 3631 explicarique
409 3569 531 3631 possent·
566 3559 622 3616 Hoc
644 3560 727 3632 igitur
748 3562 781 3615 ad
804 3577 865 3616 eum
897 3561 998 3617 nodum
1020 3561 1174 3618 dissolven-

156 3643 218 3699 dum
247 3645 374 3703 uceurrit.
418 3644 585 3718 Epiphanius
606 3645 709 3711 Lunam
736 3637 882 3723 ημερινὴκ
902 3637 1174 3726 άπὸ-νυκτερινῆς
