2534 4154
147 322 196 382 70.
343 392 345 396 ,
601 330 714 380 ramur
820 292 822 296 Α

146 507 225 547 nasse
249 489 415 544 Clementem
443 502 513 542 anno
537 486 635 542 Christi
660 488 709 544 68.
755 486 837 541 Linus
860 503 942 559 porro
967 487 1062 542 eodem
1086 504 1169 554 anno,

146 592 200 649 quo
222 574 336 637 Petrus,
366 572 458 645 paucis
486 570 624 627 mensibus
653 571 819 644 interjectis,
848 589 945 644 nempe
968 572 1002 628 lll
1024 571 1082 628 Kal.
1108 574 1170 630 Oct.

144 677 241 733 passus
265 667 316 715 est.
348 657 472 713 Clemens
494 657 596 731 primus
619 665 683 730 post
698 656 810 713 Petrum
825 656 961 712 Romanus
978 657 1102 713 Pontifex
1118 675 1171 715 an-

145 762 195 800 uos
218 743 288 799 sedit
311 745 347 808 9,
376 759 483 797 menses
508 746 542 808 4,
572 742 628 797 dies
652 743 701 799 26.
747 742 882 810 Quicum
905 742 1067 816 Vespasiano
1094 747 1109 800 7
1141 751 1171 800 et

144 829 204 885 Tito
230 832 246 885 5
271 828 346 884 Coss
370 844 440 882 anno
465 826 563 883 Christi
588 830 624 884 77
649 835 774 882 mortuus
799 835 880 891 esset,
905 844 1093 883 successorem
1117 829 1170 884 ha-

144 914 204 970 buit
227 914 340 978 Cletum,
365 912 412 987 qui
435 911 580 984 Clementis
603 913 735 968 hactenus
759 928 814 966 non
837 910 955 984 collega,
980 913 1028 968 sed
1051 913 1170 969 admini-

144 1008 202 1055 ster
229 1000 325 1054 luerat.
369 999 458 1072 Atque
486 997 509 1053 is
532 997 722 1052 Pontificatum
746 1014 793 1052 sex
815 997 891 1051 aunis
915 997 1004 1052 tenuit
1026 997 1169 1054 mensibus

146 1087 173 1148 5,
197 1083 292 1139 diebus
316 1082 418 1147 tribus,
448 1099 510 1138 cnm
532 1082 682 1154 Episcopus
705 1098 736 1136 ac
759 1081 920 1137 Pontificum
943 1082 1067 1138 minister
1089 1083 1169 1139 annis

143 1177 222 1225 antea
239 1171 287 1232 20,
311 1167 449 1224 mensibus
468 1170 494 1231 5,
519 1165 613 1222 diebus
642 1168 677 1223 12
701 1166 849 1222 extitisset:
881 1167 961 1222 utin
984 1174 1072 1223 totum
1088 1167 1169 1225 annis

146 1256 200 1318 26,
229 1252 367 1308 mensibus
396 1255 446 1316 10,
478 1251 573 1307 diebus
600 1254 635 1307 15
666 1251 858 1324 Episcopatum
880 1252 1005 1324 gesserit.
1051 1253 1170 1310 Moritur

144 1347 234 1394 autem
258 1355 328 1393 anuo
352 1337 450 1393 Christi
476 1339 515 1394 84
539 1336 688 1391 Domitiano
714 1338 731 1394 9
763 1344 789 1392 et
818 1336 936 1408 Virginio
967 1336 1042 1393 Coss
1088 1338 1170 1395 Hunc

142 1424 287 1479 Anacletus
311 1423 424 1495 excepit.
469 1421 541 1476 Haeo
564 1420 702 1476 Qnulrius.
733 1420 876 1495 Aqnibus
905 1429 1011 1477 veteres
1041 1423 1168 1496 plerique

143 1507 366 1582 praestantissimi
395 1507 542 1579 scriptores
572 1522 602 1561 ac
631 1505 798 1562 recentiores
822 1505 999 1571 dissentiunt,
1030 1517 1168 1579 quatenus

102 1594 240 1649 48Liuum
269 1601 296 1649 et
320 1592 440 1655 Cletum,
471 1591 526 1647 sive
549 1592 722 1655 Anacletum,
753 1600 816 1663 post
838 1591 950 1646 Petrum
978 1592 1114 1664 legitimos
1140 1598 1168 1650 et

143 1679 293 1735 ordinarios
316 1676 462 1731 Pontifices
484 1684 642 1739 numerant,
667 1684 697 1731 nt
718 1676 846 1731 Irenaeus
871 1678 898 1740 3,
917 1679 944 1734 3.
980 1676 1114 1732 Eusebius
1139 1679 1168 1736 iu

39 1809 43 1817 .
144 1762 243 1817 Chron.
274 1771 301 1817 et
329 1761 356 1815 in
385 1761 511 1816 Historia.
557 1760 668 1816 Tertull.
698 1759 864 1833 Epiphanius
894 1769 922 1816 et
949 1761 993 1816 alii
1018 1761 1165 1819 innumeri.

143 1845 245 1914 Quibus
269 1845 385 1901 libenter
407 1846 569 1901 accedimus.
614 1845 668 1901 Sed
690 1845 797 1900 illorum
819 1846 942 1921 plerique
967 1845 1071 1901 Cletum
1095 1864 1169 1904 eun-

143 1931 205 1986 dem
227 1946 289 1985 cnm
311 1928 439 1985 Anacleto
462 1930 572 1986 iaciunt.
604 1930 678 1999 Quae
702 1931 790 1986 omnia
814 1939 888 1986 recte
911 1931 938 1985 in
960 1931 1111 1987 Annalibus
1134 1949 1168 1995 ac

143 2014 287 2087 diligenter
308 2014 429 2086 exposita
445 2023 525 2070 sunt.
560 2015 613 2071 Sed
635 2015 731 2072 vitiosa
753 2024 795 2071 est
817 2015 916 2071 ibidem
938 2031 1071 2072 annorum
1095 2017 1172 2074 ratio·

143 2108 170 2156 et
192 2099 294 2155 biennii
317 2089 541 2175 ἄναχρονισμός
562 2099 663 2173 ubique
687 2101 863 2165 commissus,
893 2101 926 2156 de
950 2102 1060 2173 quoad
1083 2101 1166 2160 Haer.

144 2187 179 2243 51
206 2185 384 2258 disputamus.
427 2184 558 2253 Quocirca
588 2186 744 2258 castigatam
767 2185 930 2240 Pontificum
953 2185 1030 2241 llom.
1054 2188 1165 2254 seriem,

142 2279 169 2327 et
197 2270 231 2326 ad
259 2287 338 2326 veros
361 2287 446 2326 anuos
469 2271 605 2326 redactam
627 2269 763 2326 hocloco
787 2269 942 2337 subiiciam;
974 2280 1069 2327 eorum
1092 2272 1168 2328 dun·

141 2364 222 2421 taxat,
246 2373 315 2428 quos
338 2356 503 2429 Epiphanius
526 2364 660 2412 recenset.

226 2465 332 2522 Primus
355 2467 438 2539 igitur
460 2466 559 2523 Romae
575 2465 766 2522 Pontificatum
789 2465 877 2522 tenuit
892 2465 1005 2533 Petrus;
1030 2465 1076 2539 qui
1091 2482 1164 2524 anno

140 2549 255 2605 Neronis
282 2553 317 2608 13
346 2567 443 2624 passus
467 2560 523 2616 est,
553 2551 683 2625 Capitone
706 2558 733 2607 et
755 2551 824 2607 Ruso
848 2550 923 2607 Coss.
948 2551 994 2625 qui
1018 2560 1059 2607 est
1081 2551 1166 2607 lulia-

140 2649 192 2688 nus
219 2635 287 2698 112,
311 2651 389 2690 aerae
412 2635 588 2709 Dionysianae
613 2638 661 2701 67,
686 2654 740 2692 non
765 2638 813 2701 69,
837 2644 868 2691 ut
890 2637 980 2691 estin
1004 2635 1164 2703 Annalibus,

141 2724 196 2781 aut,
220 2724 252 2771 ut
275 2717 385 2773 Onulrio
408 2719 506 2791 placet,
532 2723 580 2778 68.
618 2719 667 2775 Hic
690 2720 761 2776 enirn
784 2737 839 2776 uno
863 2720 991 2776 duntaxat
1014 2737 1100 2786 anno,
1125 2720 1165 2778 illi

139 2799 250 2856 biennio
272 2817 366 2856 verum
388 2810 496 2877 tempus
519 2812 700 2860 antevertant.
733 2805 814 2860 Cuius
837 2821 959 2860 caussam
983 2805 1016 2860 ad
1031 2804 1164 2862 Haeresin

142 2887 178 2942 51
203 2884 365 2958 aperiemus.

225 2986 328 3044 Eodem
356 3005 427 3044 anno
456 2989 538 3045 Linus
567 2991 709 3048 successit.
755 2989 804 3045 Cui
833 3007 918 3046 annos
947 2991 1081 3064 imputant
1114 2994 1162 3058 ll,

140 3089 249 3130 meuses
266 3073 293 3140 2,
318 3073 375 3129 dies
392 3076 442 3132 23.
473 3074 600 3149 ldemque
622 3084 746 3132 mortuus
770 3085 812 3132 est
833 3092 903 3131 anuo
927 3073 1090 3152 Dionysiana
1112 3078 1161 3144 78,

141 3157 218 3232 Sept.
236 3158 284 3225 23,
308 3177 373 3224 non,
397 3169 428 3216 ut
449 3159 487 3215 illi
509 3169 631 3225 censent,
657 3163 706 3219 80.

225 3267 331 3326 Tertius
354 3269 451 3326 Linum
474 3270 565 3327 Cletus
589 3274 702 3344 excepit,
727 3272 850 3345 seditque
873 3288 958 3329 annos
983 3273 1027 3338 12,
1051 3288 1163 3329 menses

142 3356 170 3417 7,
199 3353 255 3410 dies
280 3356 308 3411 2.
339 3355 411 3413 Obiit
432 3373 503 3413 anuo
525 3356 688 3430 Dionysiana
712 3359 749 3415 91
778 3357 876 3431 Aprilis
901 3359 950 3416 26.
996 3357 1110 3414 Traiano
1133 3365 1163 3415 et

140 3436 284 3496 Glabrione
307 3439 383 3497 Coss.
790 3439 792 3444 ’

224 3539 342 3608 Quartus
371 3551 413 3599 est
436 3542 573 3608 Clemens,
604 3543 648 3599 cui
670 3543 733 3599 anni
754 3544 913 3601 tribuuntur
935 3546 969 3607 9,
998 3561 1107 3602 menses
1130 3546 1161 3611 6,

141 3622 197 3680 dies
221 3625 249 3682 6.
280 3625 394 3683 horitur
415 3643 485 3686 anno
506 3628 619 3704 Dionys.
642 3629 800 3696 centesimo,
823 3630 858 3687 llt
880 3628 938 3688 llal.
962 3628 1024 3685 bec.
