2534 4154
504 130 512 162 4

448 320 522 371 nort
542 320 761 372 BObblelldNb.
1051 324 1120 369 ml

93 477 371 550 logiumllmnanum
394 476 535 548 sequentia
556 475 636 533 verba
657 475 804 532 recitanda·
818 478 960 549 proponite
984 477 1122 541 “Salami-

92 579 157 618 nae-
172 563 199 617 in
223 561 311 636 Cypro
326 561 355 616 S.
368 559 509 633 Epiphanii
531 561 661 634 episcopi,
684 562 731 634 qui
753 561 894 634 multiplici
917 562 1070 619 eruditione
1091 574 1122 620 et

95 663 238 703 sacrarum
260 647 411 703 litterarum
432 645 553 701 sesnin
568 646 716 711 excellens,
741 646 810 703 vitae
832 652 942 720 quoque
964 648 1120 713 sanctitate,

96 733 158 789 zelo
181 731 337 787 catlmlioae
353 729 431 793 fidei,
455 730 665 786 munificentia
658 748 686 786 ιιι
699 744 841 825 pauperos
865 741 894 787 et
914 732 1014 788 virtuto
1034 734 1122 790 mira-

96 818 224 874 cularum
247 816 349 872 exstitit
370 815 567 873 admirandus-³.
1011 846 1013 851 -
1095 854 1098 861 ,

144 907 214 958 4.
260 902 335 956 Sitne
358 899 445 954 adbuc
465 900 562 972 aliquis
586 900 643 955 eius
665 900 756 956 cultus
777 901 932 957 Salaminiae
946 919 1070 975 super,
1066 911 1121 958 ιιι

95 988 211 1060 vestigia
233 985 349 1058 sepulcri
371 984 436 1052 olim
457 994 512 1041 tam
535 985 639 1049 famosi,
662 985 734 1040 baud
756 985 832 1041 lacile
856 986 969 1041 ditarer.
990 986 1120 1042 credibile

96 1083 140 1129 est
163 1089 225 1127 cum
248 1071 355 1126 fortuna
376 1069 429 1125 looi
452 1080 541 1125 cetera
564 1086 757 1143 quoque-esse
779 1071 876 1142 partim
903 1070 1019 1135 abolita,
1042 1077 1120 1145 ‚pul-

96 1160 144 1214 tim
163 1157 350 1227 bamagustam
373 1155 520 1220 translata-a
541 1155 586 1210 nbi
609 1155 689 1210 etiam
712 1155 910 1228 bootempore
928 1170 941 1210 a
960 1156 1119 1212 Christianis

96 1245 205 1298 festum·
221 1240 452 1296 eius-solenniter
474 1240 532 1312 agi,
562 1240 667 1295 indicia¹
683 1250 740 1302 est,
752 1239 839 1311 qnod
861 1240 977 1297 Thomas
995 1242 1120 1298 Ριιιιιι-

96 1329 165 1391 cius,
188 1327 216 1380 in
230 1342 291 1380 *suo
313 1323 354 1378 De
375 1325 477 1379 tresdo
498 1327 596 1381 mundi
615 1325 817 1396 sementalibus
832 1323 925 1380 ltalico'
938 1335 1119 1397 opere,.aute

96 1428 184 1467 annos
213 1410 322 1466 circiter
347 1417 456 1465 eentum
485 1410 600 1481 primum
630 1410 718 1471 edito,
748 1409 848 1464 scribat
871 1414 966 1481 pind
991 1410 1118 1467 editionis

96 1496 252 1559 Patavinae,
272 1495 452 1566 ›f‘spcluncam
473 1493 509 1548 ibi
533 1493 634 1558 baberi,
662 1495 689 1549 in
712 1511 792 1566 qnam
815 1495 843 1550 S.
860 1494 1025 1568 Epiphanius
1047 1513 1118 1568 poo-

96 1581 228 1637 nitentiae
252 1596 331 1634 causa
352 1579 449 1634 solitus
471 1596 533 1635 sese
554 1579 635 1635 luerit
656 1582 792 1652 recipere:
816 1597 885 1652 quae
901 1579 993 1635 eadem
1009 1580 1035 1635 in
1052 1597 1118 1652 pen

96 1665 198 1739 vigilio»
209 1665 272 1721 lasti
293 1664 396 1720 stillare
417 1664 512 1737 incipit
532 1681 628 1737 aquam
644 1665 741 1720 claram
753 1665 956 1738 ›limpidnmque
967 1682 1116 1739 nequead

96 1750 207 1807 stillatin
236 1749 317 1804 finem
347 1748 430 1804 babet
457 1758 519 1805 ente
547 1749 628 1805 linem
658 1749 709 1805 diei
738 1749 893 1823 sequentis:
926 1750 996 1805 bane
1017 1759 1116 1806 autem

95 1853 192 1909 aquam
216 1851 312 1906 magna
335 1850 396 1889 cum
418 1833 562 1890 devotione
583 1852 597 1889 a
620 1835 712 1890 multis
732 1834 835 1907 excipi,
862 1834 1039 1908 adbiberique
1060 1835 1118 1890 nti-

95 1920 158 1977 liter
180 1919 214 1974 nd
236 1918 394 1974 morborum
422 1920 576 1975 curationes
598 1920 724 1977 divinitus
745 1920 928 1992 impetrandas
950 1928 1116 1992 permeata

95 2005 265 2079 npipnanti’t
300 2003 358 2059 Sub
381 2004 457 2059 cuins
480 2005 603 2069 nomine,
627 2005 654 2059 in
670 2004 779 2060 boreali
802 2015 878 2098 quarte
901 2005 1021 2069 insulae,
1044 2005 1119 2060 intur

94 2089 229 2146 Nicosiam
258 2097 286 2144 et
315 2089 475 2153 Ceraunios,
504 2090 640 2164 hodieque
669 2089 786 2146 babetur
813 2090 905 2145 vicus
905 2084 994 2161 vulgo
1016 2076 1117 2146 Sancti

94 2175 223 2247 Pipltani
251 2173 354 2235 dictus:
384 2191 449 2247 quo
460 2174 520 2230 lom
544 2175 626 2229 luisse
649 2175 794 2246 templum,
823 2175 850 2228 in
873 2175 987 2242 Nicpena
1011 2175 1116 2247 synodo

94 2261 274 2322 nominatum,
296 2258 362 2314 milri
377 2259 545 2330 persuadeo,
570 2268 682 2332 propter
698 2259 957 2325 eius-celebritatem
974 2258 1037 2314 olim
1053 2268 1117 2315 tan-

96 2355 149 2400 tam
168 2353 201 2400 nt
223 2344 439 2439 promontorium
462 2345 494 2398 ad
513 2344 677 2409 ¹deraunias,
708 2344 797 2416 vulgo<
812 2344 933 2408 Cetium,
958 2351 1116 2409 excurrant,

42 2498 45 2507 Ι
93 2446 196 2486 nomen
218 2429 289 2484 idem
311 2437 403 2484 teneat
425 2430 451 2484 in
466 2429 615 2485 incentoria
639 2428 775 2484 Benedicti
782 2428 921 2495 ‚bordone
938 2441 1047 2484 ‘excuso
1062 2429 1116 2484 Vo-

93 2515 176 2571 netiis
183 2530 268 2654 banuo
296 2517 385 2571 1547
471 2541 491 2553 2
545 2550 548 2557 ·
583 2555 586 2562 -
652 2546 656 2557 ·

183 2600 343 2671 lantque
372 2599 434 2654 hinc
457 2599 646 2655 verosimiliter
666 2597 801 2653 coniicere
823 2598 911 2671 possit
932 2599 1046 2674 aliquis,-
1062 2555 1115 2656 vel

94 2699 197 2758 corpus
219 2683 260 2738 vel
282 2691 387 2756 partem
409 2683 555 2739 notabilem
579 2683 700 2756 corperis
724 2700 756 2739 eo
780 2684 947 2740 translatam
954 2684 1057 2741 luisse
1064 2685 1117 2742 ali—

93 2767 331 2843 quando,·idque
360 2768 548 2825 celebritatem
573 2770 634 2826 looo
663 2768 784 2824 dedisse:
814 2779 841 2827 et
868 2770 1002 2826 velbioe
1018 2770 1115 2829 velex

92 2855 180 2910 ruinis
203 2853 354 2909 salaminae
370 2854 546 2926 deportatum
569 2855 653 2910 luisse
670 2853 863 2923 beneventum,
887 2855 1115 2930 quemadmodum

92 2939 192 2995 asserit
214 2938 311 2993 Marius
334 2938 368 2994 de
384 2938 481 3011 llipera
502 2939 536 2994 de
558 2940 657 2995 sanetis
673 2939 867 2996 beneventanis
890 2940 922 2996 ad
945 2941 1115 3004 bonodium,

93 3023 190 3080 Officio
212 3023 311 3096 duplici
333 3033 479 3096 propterea
501 3034 633 3087 notatum,
656 3024 776 3097 allegans
800 3025 1039 3098 “llartyrologium
1062 3041 1114 3078 ms.

91 3109 235 3181 antiquum
258 3106 471 3165 in·=bibliotheca
486 3109 680 3166 Beneventana
702 3110 829 3175 existens,
854 3111 988 3182 signatum
1012 3127 1038 3163 n.
1056 3110 1112 3165 448

91 3192 306 3266 subpraedieta
328 3191 386 3248 die:
410 3211 464 3268 quo
487 3211 550 3250 vero
575 3204 696 3268 tempore
718 3195 826 3251 allatum
843 3197 885 3249 sit
907 3211 962 3249 non
986 3193 1115 3255 adverti-,'’
1163 3229 1165 3232 >

90 3277 258 3351 significans.
288 3277 369 3333 Plura
392 3278 425 3334 de
448 3278 621 3352 reliquiarum
643 3289 779 3336 tantarum
802 3279 931 3355 qualitate
954 3287 981 3333 et
1001 3294 1116 3333 venerae

91 3364 169 3418 tione
191 3361 321 3420 hodierna
344 3363 485 3436 cupientes
508 3364 620 3430 discere,
643 3365 747 3420 litteras
769 3365 801 3420 ad
824 3363 930 3437 collegii
943 3363 1012 3419 istic
1026 3364 1115 3420 nostri

90 3449 238 3504 reatorem·
252 3447 383 3513 dedimus,
408 3448 484 3504 cuius
507 3466 679 3523 responsum,
703 3451 833 3506 haetenus
856 3449 955 3504 frustra
972 3457 1115 3521 exspecta-

90 3542 160 3597 tum,
176 3531 208 3587 vsi
230 3530 374 3606 aliquando
395 3534 566 3606 accipiamus,
590 3536 712 3591 notitiam
735 3534 797 3590 iude
820 3535 944 3589 haustam
967 3550 1020 3590 non
1044 3533 1115 3589 invi·-

84 3616 223 3675 dabimus
240 3617 285 3691 pio
297 3617 412 3675 lectori.
441 3618 551 3675 lnterim
574 3637 605 3676 ex
620 3619 742 3694 epistola
754 3619 886 3676 lhamae
898 3618 939 3676 de
956 3619 1114 3679 Gneoborod
