<?xml version="1.0" encoding="UTF-8"?>
<!DOCTYPE html PUBLIC "-//W3C//DTD XHTML 1.0 Transitional//EN"
    "http://www.w3.org/TR/xhtml1/DTD/xhtml1-transitional.dtd">
<html xmlns="http://www.w3.org/1999/xhtml" xml:lang="en" lang="en">
 <head>
  <title>
</title>
<meta http-equiv="Content-Type" content="text/html;charset=utf-8" />
  <meta name='ocr-system' content='tesseract 3.04.00' />
  <meta name='ocr-capabilities' content='ocr_page ocr_carea ocr_par ocr_line ocrx_word'/>
</head>
<body>
  <div class='ocr_page' id='page_1' title='image "./epiphaniiepisco00epipgoog_0360.png"; bbox 0 0 2534 4154; ppageno 0'>
   <div class='ocr_carea' id='block_1_1' title="bbox 428 338 739 405">
    <p class='ocr_par' dir='ltr' id='par_1_1' title="bbox 428 338 739 405">
     <span class='ocr_line' id='line_1_1' title="bbox 428 338 739 405; baseline -0.006 -14"><span class='ocrx_word' id='word_1_1' title='bbox 428 339 717 405; x_wconf 73' lang='lat' dir='ltr'>tutunovtustouus.</span> <span class='ocrx_word' id='word_1_2' title='bbox 735 338 739 347; x_wconf 69' lang='grc'><em>“</em></span> 
     </span>
    </p>
   </div>
   <div class='ocr_carea' id='block_1_2' title="bbox 255 540 890 599">
    <p class='ocr_par' dir='ltr' id='par_1_2' title="bbox 255 540 890 599">
     <span class='ocr_line' id='line_1_2' title="bbox 255 540 890 599; baseline 0.003 -3"><span class='ocrx_word' id='word_1_3' title='bbox 255 542 298 597; x_wconf 81' lang='grc' dir='ltr'>ΑΙ)</span> <span class='ocrx_word' id='word_1_4' title='bbox 321 540 487 598; x_wconf 78' lang='grc' dir='ltr'>ΗΑΕΒΕ81Ν</span> <span class='ocrx_word' id='word_1_5' title='bbox 508 542 583 598; x_wconf 84' lang='lat' dir='ltr'>txttt</span> <span class='ocrx_word' id='word_1_6' title='bbox 606 542 890 599; x_wconf 80' lang='lat' dir='ltr'>ultortrttnuotttttt.</span> 
     </span>
    </p>
   </div>
   <div class='ocr_carea' id='block_1_3' title="bbox 31 643 1135 3617">
    <p class='ocr_par' dir='ltr' id='par_1_3' title="bbox 65 643 1085 1327">
     <span class='ocr_line' id='line_1_3' title="bbox 157 643 1085 737; baseline 0 -19"><span class='ocrx_word' id='word_1_7' title='bbox 157 662 256 718; x_wconf 71' lang='lat' dir='ltr'>sitta.</span> <span class='ocrx_word' id='word_1_8' title='bbox 288 643 377 726; x_wconf 71' lang='grc' dir='ltr'><em>οὗτος</em></span> <span class='ocrx_word' id='word_1_9' title='bbox 399 655 431 716; x_wconf 71' lang='grc' dir='ltr'>δὲ</span> <span class='ocrx_word' id='word_1_10' title='bbox 453 651 592 737; x_wconf 73' lang='grc' dir='ltr'><strong><em>ὡρμᾶτο]</em></strong></span> <span class='ocrx_word' id='word_1_11' title='bbox 637 651 798 737; x_wconf 71' lang='grc' dir='ltr'><em>ὁρμᾶσθαι</em></span> <span class='ocrx_word' id='word_1_12' title='bbox 827 662 984 735; x_wconf 90' lang='lat' dir='ltr'>saepissime</span> <span class='ocrx_word' id='word_1_13' title='bbox 1014 663 1085 736; x_wconf 87' lang='lat' dir='ltr'>aprrd</span> 
     </span>
     <span class='ocr_line' id='line_1_4' title="bbox 69 745 1085 820; baseline 0.002 -18"><span class='ocrx_word' id='word_1_14' title='bbox 69 746 248 820; x_wconf 88' lang='lat' dir='ltr'>Epiphanium</span> <span class='ocrx_word' id='word_1_15' title='bbox 277 754 305 801; x_wconf 91' lang='lat' dir='ltr'>et</span> <span class='ocrx_word' id='word_1_16' title='bbox 326 745 392 800; x_wconf 89' lang='lat' dir='ltr'>alios</span> <span class='ocrx_word' id='word_1_17' title='bbox 415 745 483 801; x_wconf 90' lang='lat' dir='ltr'>idern</span> <span class='ocrx_word' id='word_1_18' title='bbox 506 746 575 801; x_wconf 86' lang='lat' dir='ltr'>valet</span> <span class='ocrx_word' id='word_1_19' title='bbox 597 753 678 818; x_wconf 89' lang='lat' dir='ltr'>atque</span> <span class='ocrx_word' id='word_1_20' title='bbox 700 747 785 811; x_wconf 85' lang='lat' dir='ltr'>oriri,</span> <span class='ocrx_word' id='word_1_21' title='bbox 815 747 887 819; x_wconf 93' lang='lat' dir='ltr'>quod</span> <span class='ocrx_word' id='word_1_22' title='bbox 911 756 938 803; x_wconf 91' lang='lat' dir='ltr'>et</span> <span class='ocrx_word' id='word_1_23' title='bbox 960 766 1009 803; x_wconf 93' lang='lat' dir='ltr'>nos</span> <span class='ocrx_word' id='word_1_24' title='bbox 1032 750 1085 804; x_wconf 85' lang='lat' dir='ltr'>bo&#39;c</span> 
     </span>
     <span class='ocr_line' id='line_1_5' title="bbox 69 830 1084 899; baseline 0.003 -13"><span class='ocrx_word' id='word_1_25' title='bbox 69 831 131 895; x_wconf 86' lang='lat' dir='ltr'>loco</span> <span class='ocrx_word' id='word_1_26' title='bbox 152 848 245 887; x_wconf 89' lang='lat' dir='ltr'>verum</span> <span class='ocrx_word' id='word_1_27' title='bbox 268 830 484 886; x_wconf 79' lang='lat' dir='ltr'>existimavimus.</span> <span class='ocrx_word' id='word_1_28' title='bbox 515 830 567 886; x_wconf 85' lang='lat' dir='ltr'>Sed</span> <span class='ocrx_word' id='word_1_29' title='bbox 590 847 651 887; x_wconf 89' lang='lat' dir='ltr'>cum</span> <span class='ocrx_word' id='word_1_30' title='bbox 674 831 806 886; x_wconf 87' lang='lat' dir='ltr'>Photinus</span> <span class='ocrx_word' id='word_1_31' title='bbox 828 849 883 888; x_wconf 91' lang='lat' dir='ltr'>nou</span> <span class='ocrx_word' id='word_1_32' title='bbox 906 832 1013 899; x_wconf 91' lang='lat' dir='ltr'>sirmio,</span> <span class='ocrx_word' id='word_1_33' title='bbox 1037 834 1084 891; x_wconf 90' lang='lat' dir='ltr'>sed</span> 
     </span>
     <span class='ocr_line' id='line_1_6' title="bbox 70 899 1083 990; baseline 0.002 -18"><span class='ocrx_word' id='word_1_34' title='bbox 70 935 102 972; x_wconf 81' lang='lat' dir='ltr'>ox</span> <span class='ocrx_word' id='word_1_35' title='bbox 125 899 306 988; x_wconf 76' lang='lat' dir='ltr'>Gallograecia</span> <span class='ocrx_word' id='word_1_36' title='bbox 335 915 466 970; x_wconf 91' lang='lat' dir='ltr'>oriundus</span> <span class='ocrx_word' id='word_1_37' title='bbox 495 915 591 979; x_wconf 85' lang='lat' dir='ltr'>luerit,</span> <span class='ocrx_word' id='word_1_38' title='bbox 621 925 651 970; x_wconf 92' lang='lat' dir='ltr'>ut</span> <span class='ocrx_word' id='word_1_39' title='bbox 678 916 705 970; x_wconf 91' lang='lat' dir='ltr'>in</span> <span class='ocrx_word' id='word_1_40' title='bbox 733 914 780 970; x_wconf 89' lang='lat' dir='ltr'>lib.</span> <span class='ocrx_word' id='word_1_41' title='bbox 803 916 836 971; x_wconf 87' lang='lat' dir='ltr'>de</span> <span class='ocrx_word' id='word_1_42' title='bbox 859 916 958 990; x_wconf 85' lang='lat' dir='ltr'>script.</span> <span class='ocrx_word' id='word_1_43' title='bbox 981 918 1083 974; x_wconf 80' lang='lat' dir='ltr'>Eccles</span> 
     </span>
     <span class='ocr_line' id='line_1_7' title="bbox 69 999 1085 1073; baseline 0.002 -17"><span class='ocrx_word' id='word_1_44' title='bbox 69 1001 163 1057; x_wconf 87' lang='lat' dir='ltr'>scribit</span> <span class='ocrx_word' id='word_1_45' title='bbox 186 1000 380 1073; x_wconf 81' lang='lat' dir='ltr'>Hieronymus,</span> <span class='ocrx_word' id='word_1_46' title='bbox 404 999 554 1055; x_wconf 87' lang='lat' dir='ltr'>consultius</span> <span class='ocrx_word' id='word_1_47' title='bbox 577 999 694 1055; x_wconf 92' lang='lat' dir='ltr'>arbitror</span> <span class='ocrx_word' id='word_1_48' title='bbox 712 1002 872 1072; x_wconf 86' lang='lat' dir='ltr'>prodeundi</span> <span class='ocrx_word' id='word_1_49' title='bbox 892 1001 1023 1058; x_wconf 28' lang='lat' dir='ltr'>,vocabulo</span> <span class='ocrx_word' id='word_1_50' title='bbox 1046 1004 1085 1058; x_wconf 94' lang='lat' dir='ltr'>uti</span> 
     </span>
     <span class='ocr_line' id='line_1_8' title="bbox 69 1084 1085 1159; baseline 0.003 -20"><span class='ocrx_word' id='word_1_51' title='bbox 69 1103 149 1159; x_wconf 89' lang='lat' dir='ltr'>quam</span> <span class='ocrx_word' id='word_1_52' title='bbox 172 1087 289 1140; x_wconf 88' lang='lat' dir='ltr'>oriendi.</span> <span class='ocrx_word' id='word_1_53' title='bbox 320 1085 407 1154; x_wconf 82' lang='lat' dir='ltr'>Quare</span> <span class='ocrx_word' id='word_1_54' title='bbox 431 1085 466 1139; x_wconf 89' lang='lat' dir='ltr'>ita</span> <span class='ocrx_word' id='word_1_55' title='bbox 489 1085 579 1158; x_wconf 88' lang='lat' dir='ltr'>potius</span> <span class='ocrx_word' id='word_1_56' title='bbox 603 1084 833 1157; x_wconf 90' lang='lat' dir='ltr'>interpretandum</span> <span class='ocrx_word' id='word_1_57' title='bbox 856 1086 915 1142; x_wconf 84' lang='lat' dir='ltr'>tuit.</span> <span class='ocrx_word' id='word_1_58' title='bbox 945 1088 1001 1142; x_wconf 88' lang='lat' dir='ltr'>Hic</span> <span class='ocrx_word' id='word_1_59' title='bbox 1023 1087 1085 1144; x_wconf 89' lang='lat' dir='ltr'>Sir-</span> 
     </span>
     <span class='ocr_line' id='line_1_9' title="bbox 67 1168 1085 1242; baseline 0.003 -17"><span class='ocrx_word' id='word_1_60' title='bbox 67 1172 123 1225; x_wconf 89' lang='lat' dir='ltr'>mic</span> <span class='ocrx_word' id='word_1_61' title='bbox 143 1172 278 1242; x_wconf 87' lang='lat' dir='ltr'>prodicus</span> <span class='ocrx_word' id='word_1_62' title='bbox 301 1177 350 1224; x_wconf 88' lang='lat' dir='ltr'>etc.</span> <span class='ocrx_word' id='word_1_63' title='bbox 392 1169 436 1224; x_wconf 91' lang='lat' dir='ltr'>sic</span> <span class='ocrx_word' id='word_1_64' title='bbox 460 1169 531 1224; x_wconf 89' lang='lat' dir='ltr'>onim</span> <span class='ocrx_word' id='word_1_65' title='bbox 553 1169 747 1242; x_wconf 78' lang='lat' dir='ltr'>Hieronymus:</span> <span class='ocrx_word' id='word_1_66' title='bbox 770 1168 906 1225; x_wconf 76' lang='lat' dir='ltr'>Photinus</span> <span class='ocrx_word' id='word_1_67' title='bbox 929 1172 962 1225; x_wconf 89' lang='lat' dir='ltr'>de</span> <span class='ocrx_word' id='word_1_68' title='bbox 986 1170 1085 1228; x_wconf 83' lang='lat' dir='ltr'>Gallo·</span> 
     </span>
     <span class='ocr_line' id='line_1_10' title="bbox 65 1253 1064 1327; baseline 0.001 -17"><span class='ocrx_word' id='word_1_69' title='bbox 65 1255 182 1327; x_wconf 78' lang='lat' dir='ltr'>praecia</span> <span class='ocrx_word' id='word_1_70' title='bbox 204 1254 337 1312; x_wconf 76' lang='lat' dir='ltr'>Marcelli</span> <span class='ocrx_word' id='word_1_71' title='bbox 359 1254 521 1326; x_wconf 81' lang='lat' dir='ltr'>discipulus,</span> <span class='ocrx_word' id='word_1_72' title='bbox 544 1253 642 1310; x_wconf 79' lang='lat' dir='ltr'>Sirmii</span> <span class='ocrx_word' id='word_1_73' title='bbox 662 1254 821 1327; x_wconf 78' lang='lat' dir='ltr'>Episcopus</span> <span class='ocrx_word' id='word_1_74' title='bbox 845 1256 992 1311; x_wconf 84' lang='lat' dir='ltr'>ordinatus</span> <span class='ocrx_word' id='word_1_75' title='bbox 1015 1266 1064 1312; x_wconf 89' lang='lat' dir='ltr'>etc.</span> 
     </span>
    </p>

    <p class='ocr_par' dir='ltr' id='par_1_4' title="bbox 61 1330 1135 2510">
     <span class='ocr_line' id='line_1_11' title="bbox 153 1330 1084 1416; baseline 0.002 -22"><span class='ocrx_word' id='word_1_76' title='bbox 153 1330 214 1394; x_wconf 77' lang='lat' dir='ltr'>cirri</span> <span class='ocrx_word' id='word_1_77' title='bbox 236 1342 289 1413; x_wconf 79' lang='grc' dir='ltr'>τῆς</span> <span class='ocrx_word' id='word_1_78' title='bbox 311 1334 342 1394; x_wconf 75' lang='grc' dir='ltr'>ἐν</span> <span class='ocrx_word' id='word_1_79' title='bbox 363 1333 514 1416; x_wconf 71' lang='grc' dir='ltr'><strong><em>Σαρῦικῇ]</em></strong></span> <span class='ocrx_word' id='word_1_80' title='bbox 559 1339 602 1393; x_wconf 91' lang='lat' dir='ltr'>Bis</span> <span class='ocrx_word' id='word_1_81' title='bbox 626 1340 832 1395; x_wconf 89' lang='lat' dir='ltr'>condemnatum</span> <span class='ocrx_word' id='word_1_82' title='bbox 856 1356 915 1394; x_wconf 90' lang='lat' dir='ltr'>esse</span> <span class='ocrx_word' id='word_1_83' title='bbox 938 1340 1084 1396; x_wconf 90' lang='lat' dir='ltr'>Photinum</span> 
     </span>
     <span class='ocr_line' id='line_1_12' title="bbox 67 1423 1135 1497; baseline 0.003 -17"><span class='ocrx_word' id='word_1_84' title='bbox 67 1425 149 1480; x_wconf 88' lang='lat' dir='ltr'>tradit</span> <span class='ocrx_word' id='word_1_85' title='bbox 170 1424 350 1496; x_wconf 77' lang='lat' dir='ltr'>Epiphanius,</span> <span class='ocrx_word' id='word_1_86' title='bbox 380 1424 494 1496; x_wconf 91' lang='lat' dir='ltr'>primurn</span> <span class='ocrx_word' id='word_1_87' title='bbox 517 1424 543 1478; x_wconf 90' lang='lat' dir='ltr'>in</span> <span class='ocrx_word' id='word_1_88' title='bbox 568 1423 720 1480; x_wconf 75' lang='lat' dir='ltr'>sardicensi</span> <span class='ocrx_word' id='word_1_89' title='bbox 742 1424 865 1497; x_wconf 92' lang='lat' dir='ltr'>syuodo,</span> <span class='ocrx_word' id='word_1_90' title='bbox 894 1433 951 1480; x_wconf 91' lang='lat' dir='ltr'>tum</span> <span class='ocrx_word' id='word_1_91' title='bbox 975 1425 1001 1481; x_wconf 90' lang='lat' dir='ltr'>ic</span> <span class='ocrx_word' id='word_1_92' title='bbox 1025 1425 1135 1483; x_wconf 78' lang='lat' dir='ltr'>sir-304</span> 
     </span>
     <span class='ocr_line' id='line_1_13' title="bbox 67 1507 1085 1580; baseline 0.001 -16"><span class='ocrx_word' id='word_1_93' title='bbox 67 1509 174 1573; x_wconf 89' lang='lat' dir='ltr'>miensi,</span> <span class='ocrx_word' id='word_1_94' title='bbox 197 1526 258 1564; x_wconf 91' lang='lat' dir='ltr'>cum</span> <span class='ocrx_word' id='word_1_95' title='bbox 280 1509 438 1580; x_wconf 68' lang='lat' dir='ltr'>Imperatori</span> <span class='ocrx_word' id='word_1_96' title='bbox 462 1507 618 1564; x_wconf 89' lang='lat' dir='ltr'>Constantio</span> <span class='ocrx_word' id='word_1_97' title='bbox 640 1509 761 1565; x_wconf 89' lang='lat' dir='ltr'>libellum</span> <span class='ocrx_word' id='word_1_98' title='bbox 784 1507 936 1564; x_wconf 89' lang='lat' dir='ltr'>obtulisset.</span> <span class='ocrx_word' id='word_1_99' title='bbox 982 1510 1085 1566; x_wconf 69' lang='lat' dir='ltr'>Utrun-</span> 
     </span>
     <span class='ocr_line' id='line_1_14' title="bbox 67 1592 1082 1669; baseline -0.001 -19"><span class='ocrx_word' id='word_1_100' title='bbox 67 1611 121 1669; x_wconf 90' lang='lat' dir='ltr'>que</span> <span class='ocrx_word' id='word_1_101' title='bbox 144 1593 194 1649; x_wconf 90' lang='lat' dir='ltr'>sub</span> <span class='ocrx_word' id='word_1_102' title='bbox 218 1593 375 1649; x_wconf 91' lang='lat' dir='ltr'>Constantio</span> <span class='ocrx_word' id='word_1_103' title='bbox 398 1592 572 1649; x_wconf 84' lang='lat' dir='ltr'>celebratum.</span> <span class='ocrx_word' id='word_1_104' title='bbox 609 1594 672 1650; x_wconf 89' lang='lat' dir='ltr'>Ideo</span> <span class='ocrx_word' id='word_1_105' title='bbox 694 1594 871 1666; x_wconf 81' lang='lat' dir='ltr'>corrigendus</span> <span class='ocrx_word' id='word_1_106' title='bbox 892 1593 1082 1667; x_wconf 74' lang='lat' dir='ltr'>Hieronymus,</span> 
     </span>
     <span class='ocr_line' id='line_1_15' title="bbox 67 1677 1082 1752; baseline 0.001 -18"><span class='ocrx_word' id='word_1_107' title='bbox 67 1679 112 1752; x_wconf 93' lang='lat' dir='ltr'>qui</span> <span class='ocrx_word' id='word_1_108' title='bbox 129 1696 142 1734; x_wconf 92' lang='lat' dir='ltr'>a</span> <span class='ocrx_word' id='word_1_109' title='bbox 159 1678 342 1735; x_wconf 88' lang='lat' dir='ltr'>Valentiniano</span> <span class='ocrx_word' id='word_1_110' title='bbox 357 1679 454 1751; x_wconf 87' lang='lat' dir='ltr'>lmper.</span> <span class='ocrx_word' id='word_1_111' title='bbox 471 1678 580 1750; x_wconf 93' lang='lat' dir='ltr'>pulsum</span> <span class='ocrx_word' id='word_1_112' title='bbox 603 1678 635 1732; x_wconf 87' lang='lat' dir='ltr'>ab</span> <span class='ocrx_word' id='word_1_113' title='bbox 656 1678 775 1734; x_wconf 80' lang='lat' dir='ltr'>Ecclesia</span> <span class='ocrx_word' id='word_1_114' title='bbox 790 1677 935 1745; x_wconf 87' lang='lat' dir='ltr'>Photinum</span> <span class='ocrx_word' id='word_1_115' title='bbox 959 1679 1082 1737; x_wconf 82' lang='lat' dir='ltr'>affirmat.</span> 
     </span>
     <span class='ocr_line' id='line_1_16' title="bbox 66 1763 1084 1837; baseline 0.001 -19"><span class='ocrx_word' id='word_1_116' title='bbox 66 1763 122 1819; x_wconf 89' lang='lat' dir='ltr'>Nisi</span> <span class='ocrx_word' id='word_1_117' title='bbox 144 1772 206 1837; x_wconf 90' lang='lat' dir='ltr'>post</span> <span class='ocrx_word' id='word_1_118' title='bbox 224 1763 398 1820; x_wconf 79' lang='lat' dir='ltr'>sirmiensem</span> <span class='ocrx_word' id='word_1_119' title='bbox 414 1763 551 1835; x_wconf 82' lang='lat' dir='ltr'>synodum</span> <span class='ocrx_word' id='word_1_120' title='bbox 574 1763 695 1818; x_wconf 88' lang='lat' dir='ltr'>occultos</span> <span class='ocrx_word' id='word_1_121' title='bbox 719 1772 867 1819; x_wconf 88' lang='lat' dir='ltr'>conventus</span> <span class='ocrx_word' id='word_1_122' title='bbox 890 1763 1017 1819; x_wconf 83' lang='lat' dir='ltr'>habuisse</span> <span class='ocrx_word' id='word_1_123' title='bbox 1041 1763 1084 1819; x_wconf 88' lang='lat' dir='ltr'>di·</span> 
     </span>
     <span class='ocr_line' id='line_1_17' title="bbox 66 1847 1084 1921; baseline 0 -17"><span class='ocrx_word' id='word_1_124' title='bbox 66 1849 184 1904; x_wconf 85' lang='lat' dir='ltr'>xerimus</span> <span class='ocrx_word' id='word_1_125' title='bbox 208 1858 235 1903; x_wconf 91' lang='lat' dir='ltr'>et</span> <span class='ocrx_word' id='word_1_126' title='bbox 257 1865 270 1902; x_wconf 88' lang='lat' dir='ltr'>a</span> <span class='ocrx_word' id='word_1_127' title='bbox 289 1848 471 1905; x_wconf 88' lang='lat' dir='ltr'>Valentiniano</span> <span class='ocrx_word' id='word_1_128' title='bbox 494 1849 677 1921; x_wconf 87' lang='lat' dir='ltr'>proscriptum</span> <span class='ocrx_word' id='word_1_129' title='bbox 699 1848 791 1903; x_wconf 87' lang='lat' dir='ltr'>luisse.</span> <span class='ocrx_word' id='word_1_130' title='bbox 823 1847 899 1915; x_wconf 83' lang='lat' dir='ltr'>Quod</span> <span class='ocrx_word' id='word_1_131' title='bbox 923 1866 955 1903; x_wconf 84' lang='lat' dir='ltr'>ex</span> <span class='ocrx_word' id='word_1_132' title='bbox 978 1867 1010 1905; x_wconf 91' lang='lat' dir='ltr'>eo</span> <span class='ocrx_word' id='word_1_133' title='bbox 1034 1849 1084 1904; x_wconf 89' lang='lat' dir='ltr'>de-</span> 
     </span>
     <span class='ocr_line' id='line_1_18' title="bbox 65 1931 1084 2007; baseline 0.002 -19"><span class='ocrx_word' id='word_1_134' title='bbox 65 1933 127 1988; x_wconf 90' lang='lat' dir='ltr'>duci</span> <span class='ocrx_word' id='word_1_135' title='bbox 150 1942 250 2005; x_wconf 91' lang='lat' dir='ltr'>potest,</span> <span class='ocrx_word' id='word_1_136' title='bbox 275 1932 348 2006; x_wconf 89' lang='lat' dir='ltr'>quod</span> <span class='ocrx_word' id='word_1_137' title='bbox 370 1933 397 1988; x_wconf 93' lang='lat' dir='ltr'>in</span> <span class='ocrx_word' id='word_1_138' title='bbox 419 1932 537 2005; x_wconf 84' lang='lat' dir='ltr'>Epistola</span> <span class='ocrx_word' id='word_1_139' title='bbox 561 1933 692 2007; x_wconf 89' lang='lat' dir='ltr'>synodica</span> <span class='ocrx_word' id='word_1_140' title='bbox 717 1931 827 1989; x_wconf 81' lang='lat' dir='ltr'>Consilii</span> <span class='ocrx_word' id='word_1_141' title='bbox 848 1933 1027 2006; x_wconf 77' lang='lat' dir='ltr'>Aquileiensis</span> <span class='ocrx_word' id='word_1_142' title='bbox 1049 1934 1084 1990; x_wconf 88' lang='lat' dir='ltr'>ad</span> 
     </span>
     <span class='ocr_line' id='line_1_19' title="bbox 67 2017 1083 2092; baseline 0.002 -18"><span class='ocrx_word' id='word_1_143' title='bbox 67 2018 232 2082; x_wconf 86' lang='lat' dir='ltr'>Gratianum,</span> <span class='ocrx_word' id='word_1_144' title='bbox 255 2017 387 2074; x_wconf 85' lang='lat' dir='ltr'>Valentin.</span> <span class='ocrx_word' id='word_1_145' title='bbox 411 2026 437 2074; x_wconf 87' lang='lat' dir='ltr'>et</span> <span class='ocrx_word' id='word_1_146' title='bbox 460 2017 641 2074; x_wconf 84' lang='lat' dir='ltr'>Theodosium</span> <span class='ocrx_word' id='word_1_147' title='bbox 663 2020 730 2092; x_wconf 89' lang='lat' dir='ltr'>lmp.</span> <span class='ocrx_word' id='word_1_148' title='bbox 747 2017 906 2073; x_wconf 77' lang='lat' dir='ltr'>Ambrosius</span> <span class='ocrx_word' id='word_1_149' title='bbox 929 2036 959 2075; x_wconf 89' lang='lat' dir='ltr'>ac</span> <span class='ocrx_word' id='word_1_150' title='bbox 983 2020 1083 2076; x_wconf 90' lang='lat' dir='ltr'>caeteri</span> 
     </span>
     <span class='ocr_line' id='line_1_20' title="bbox 66 2103 1082 2177; baseline 0.001 -19"><span class='ocrx_word' id='word_1_151' title='bbox 66 2103 191 2175; x_wconf 85' lang='lat' dir='ltr'>Episcopi</span> <span class='ocrx_word' id='word_1_152' title='bbox 213 2103 249 2158; x_wconf 89' lang='lat' dir='ltr'>ita</span> <span class='ocrx_word' id='word_1_153' title='bbox 272 2103 322 2158; x_wconf 75' lang='lat' dir='ltr'>suli</span> <span class='ocrx_word' id='word_1_154' title='bbox 344 2103 424 2158; x_wconf 89' lang='lat' dir='ltr'>[inem</span> <span class='ocrx_word' id='word_1_155' title='bbox 448 2103 630 2176; x_wconf 89' lang='lat' dir='ltr'>scripserunt:</span> <span class='ocrx_word' id='word_1_156' title='bbox 659 2103 844 2159; x_wconf 81' lang='lat' dir='ltr'>Plotinianos</span> <span class='ocrx_word' id='word_1_157' title='bbox 866 2120 989 2176; x_wconf 90' lang='lat' dir='ltr'>quoque,</span> <span class='ocrx_word' id='word_1_158' title='bbox 1012 2121 1082 2177; x_wconf 86' lang='lat' dir='ltr'>quos</span> 
     </span>
     <span class='ocr_line' id='line_1_21' title="bbox 66 2188 1081 2260; baseline 0.001 -17"><span class='ocrx_word' id='word_1_159' title='bbox 66 2196 91 2243; x_wconf 83' lang='lat' dir='ltr'>et</span> <span class='ocrx_word' id='word_1_160' title='bbox 120 2188 262 2258; x_wconf 83' lang='lat' dir='ltr'>superiori</span> <span class='ocrx_word' id='word_1_161' title='bbox 289 2189 347 2258; x_wconf 82' lang='lat' dir='ltr'>lepe</span> <span class='ocrx_word' id='word_1_162' title='bbox 376 2189 522 2243; x_wconf 84' lang='lat' dir='ltr'>censuistis</span> <span class='ocrx_word' id='word_1_163' title='bbox 550 2190 643 2244; x_wconf 88' lang='lat' dir='ltr'>nullos</span> <span class='ocrx_word' id='word_1_164' title='bbox 670 2190 765 2260; x_wconf 77' lang='lat' dir='ltr'>facere</span> <span class='ocrx_word' id='word_1_165' title='bbox 794 2190 893 2243; x_wconf 84' lang='lat' dir='ltr'>dedere</span> <span class='ocrx_word' id='word_1_166' title='bbox 922 2197 1081 2253; x_wconf 76' lang='lat' dir='ltr'>corcuculus,</span> 
     </span>
     <span class='ocr_line' id='line_1_22' title="bbox 61 2272 1081 2345; baseline 0.005 -21"><span class='ocrx_word' id='word_1_167' title='bbox 61 2279 149 2345; x_wconf 85' lang='lat' dir='ltr'>prout</span> <span class='ocrx_word' id='word_1_168' title='bbox 176 2272 234 2325; x_wconf 87' lang='lat' dir='ltr'>ium</span> <span class='ocrx_word' id='word_1_169' title='bbox 262 2280 287 2326; x_wconf 91' lang='lat' dir='ltr'>et</span> <span class='ocrx_word' id='word_1_170' title='bbox 309 2272 492 2328; x_wconf 88' lang='lat' dir='ltr'>Sacerdotum</span> <span class='ocrx_word' id='word_1_171' title='bbox 516 2272 639 2329; x_wconf 83' lang='lat' dir='ltr'>Concilio</span> <span class='ocrx_word' id='word_1_172' title='bbox 666 2274 805 2328; x_wconf 86' lang='lat' dir='ltr'>sententia</span> <span class='ocrx_word' id='word_1_173' title='bbox 827 2274 857 2328; x_wconf 89' lang='lat' dir='ltr'>in</span> <span class='ocrx_word' id='word_1_174' title='bbox 880 2288 927 2326; x_wconf 91' lang='lat' dir='ltr'>eos</span> <span class='ocrx_word' id='word_1_175' title='bbox 950 2275 1011 2329; x_wconf 86' lang='lat' dir='ltr'>lcta</span> <span class='ocrx_word' id='word_1_176' title='bbox 1033 2282 1081 2329; x_wconf 87' lang='lat' dir='ltr'>est.</span> 
     </span>
     <span class='ocr_line' id='line_1_23' title="bbox 64 2355 1083 2428; baseline 0.001 -17"><span class='ocrx_word' id='word_1_177' title='bbox 64 2355 189 2411; x_wconf 86' lang='lat' dir='ltr'>Petimus</span> <span class='ocrx_word' id='word_1_178' title='bbox 211 2356 335 2426; x_wconf 86' lang='lat' dir='ltr'>iusuper,</span> <span class='ocrx_word' id='word_1_179' title='bbox 358 2362 389 2410; x_wconf 90' lang='lat' dir='ltr'>ul</span> <span class='ocrx_word' id='word_1_180' title='bbox 410 2357 542 2427; x_wconf 86' lang='lat' dir='ltr'>quonium</span> <span class='ocrx_word' id='word_1_181' title='bbox 563 2358 594 2412; x_wconf 89' lang='lat' dir='ltr'>in</span> <span class='ocrx_word' id='word_1_182' title='bbox 609 2357 757 2413; x_wconf 80' lang='lat' dir='ltr'>Sirmiensi</span> <span class='ocrx_word' id='word_1_183' title='bbox 780 2357 883 2428; x_wconf 86' lang='lat' dir='ltr'>oppido</span> <span class='ocrx_word' id='word_1_184' title='bbox 906 2356 999 2412; x_wconf 84' lang='lat' dir='ltr'>adduc</span> <span class='ocrx_word' id='word_1_185' title='bbox 1017 2374 1083 2412; x_wconf 88' lang='lat' dir='ltr'>con·</span> 
     </span>
     <span class='ocr_line' id='line_1_24' title="bbox 64 2441 1084 2510; baseline -0.004 -13"><span class='ocrx_word' id='word_1_186' title='bbox 64 2449 163 2497; x_wconf 83' lang='lat' dir='ltr'>centus</span> <span class='ocrx_word' id='word_1_187' title='bbox 187 2447 295 2495; x_wconf 86' lang='lat' dir='ltr'>tentare</span> <span class='ocrx_word' id='word_1_188' title='bbox 317 2455 363 2494; x_wconf 86' lang='lat' dir='ltr'>eos</span> <span class='ocrx_word' id='word_1_189' title='bbox 386 2441 571 2510; x_wconf 82' lang='lat' dir='ltr'>copnocimus,</span> <span class='ocrx_word' id='word_1_190' title='bbox 595 2442 740 2496; x_wconf 88' lang='lat' dir='ltr'>clementio</span> <span class='ocrx_word' id='word_1_191' title='bbox 761 2449 856 2495; x_wconf 85' lang='lat' dir='ltr'>cestra</span> <span class='ocrx_word' id='word_1_192' title='bbox 879 2448 928 2495; x_wconf 90' lang='lat' dir='ltr'>etc.</span> <span class='ocrx_word' id='word_1_193' title='bbox 1081 2486 1084 2493; x_wconf 92' lang='lat'>.</span> 
     </span>
    </p>

    <p class='ocr_par' dir='ltr' id='par_1_5' title="bbox 31 2514 1089 2853">
     <span class='ocr_line' id='line_1_25' title="bbox 152 2514 1089 2603; baseline -0.005 -20"><span class='ocrx_word' id='word_1_194' title='bbox 152 2527 211 2583; x_wconf 78' lang='lat'>829</span> <span class='ocrx_word' id='word_1_195' title='bbox 228 2524 254 2580; x_wconf 89' lang='lat' dir='ltr'>d.</span> <span class='ocrx_word' id='word_1_196' title='bbox 281 2514 408 2601; x_wconf 78' lang='grc' dir='ltr'><em>Ἀνυσίῳ</em></span> <span class='ocrx_word' id='word_1_197' title='bbox 417 2517 562 2603; x_wconf 79' lang='grc' dir='ltr'><em>Διακόνῳ</em></span> <span class='ocrx_word' id='word_1_198' title='bbox 584 2524 639 2580; x_wconf 81' lang='grc' dir='ltr'>τοῦ</span> <span class='ocrx_word' id='word_1_199' title='bbox 660 2519 822 2596; x_wconf 79' lang='grc' dir='ltr'><strong><em>βασιλέως]</em></strong></span> <span class='ocrx_word' id='word_1_200' title='bbox 854 2524 965 2580; x_wconf 87' lang='lat' dir='ltr'>Videtur</span> <span class='ocrx_word' id='word_1_201' title='bbox 980 2521 1089 2595; x_wconf 20' lang='lat' dir='ltr'>Buca-7</span> 
     </span>
     <span class='ocr_line' id='line_1_26' title="bbox 66 2605 1083 2684; baseline 0 -19"><span class='ocrx_word' id='word_1_202' title='bbox 66 2605 146 2667; x_wconf 75' lang='grc' dir='ltr'><em>λείου</em></span> <span class='ocrx_word' id='word_1_203' title='bbox 169 2611 222 2684; x_wconf 81' lang='lat' dir='ltr'>leg.</span> <span class='ocrx_word' id='word_1_204' title='bbox 264 2609 316 2665; x_wconf 89' lang='lat' dir='ltr'>Sed</span> <span class='ocrx_word' id='word_1_205' title='bbox 339 2609 462 2664; x_wconf 90' lang='lat' dir='ltr'>nonnihil</span> <span class='ocrx_word' id='word_1_206' title='bbox 483 2625 632 2682; x_wconf 87' lang='lat' dir='ltr'>suspensos</span> <span class='ocrx_word' id='word_1_207' title='bbox 653 2626 704 2664; x_wconf 91' lang='lat' dir='ltr'>nos</span> <span class='ocrx_word' id='word_1_208' title='bbox 727 2617 810 2673; x_wconf 89' lang='lat' dir='ltr'>tenet,</span> <span class='ocrx_word' id='word_1_209' title='bbox 834 2609 907 2682; x_wconf 87' lang='lat' dir='ltr'>quod</span> <span class='ocrx_word' id='word_1_210' title='bbox 929 2609 973 2665; x_wconf 91' lang='lat' dir='ltr'>hic</span> <span class='ocrx_word' id='word_1_211' title='bbox 994 2610 1083 2667; x_wconf 87' lang='lat' dir='ltr'>Basilii</span> 
     </span>
     <span class='ocr_line' id='line_1_27' title="bbox 66 2693 1083 2771; baseline 0.001 -21"><span class='ocrx_word' id='word_1_212' title='bbox 66 2696 199 2763; x_wconf 81' lang='lat' dir='ltr'>Diaconus</span> <span class='ocrx_word' id='word_1_213' title='bbox 221 2694 387 2768; x_wconf 86' lang='lat' dir='ltr'>appelletur,</span> <span class='ocrx_word' id='word_1_214' title='bbox 411 2693 537 2749; x_wconf 90' lang='lat' dir='ltr'>nimirum</span> <span class='ocrx_word' id='word_1_215' title='bbox 558 2693 706 2766; x_wconf 83' lang='lat' dir='ltr'>Ancyraui,</span> <span class='ocrx_word' id='word_1_216' title='bbox 731 2694 776 2766; x_wconf 90' lang='lat' dir='ltr'>qui</span> <span class='ocrx_word' id='word_1_217' title='bbox 798 2694 897 2750; x_wconf 88' lang='lat' dir='ltr'>actoris</span> <span class='ocrx_word' id='word_1_218' title='bbox 920 2704 1011 2767; x_wconf 88' lang='lat' dir='ltr'>partes</span> <span class='ocrx_word' id='word_1_219' title='bbox 1033 2713 1083 2771; x_wconf 91' lang='lat' dir='ltr'>su-</span> 
     </span>
     <span class='ocr_line' id='line_1_28' title="bbox 31 2778 1082 2853; baseline -0.001 -15"><span class='ocrx_word' id='word_1_220' title='bbox 31 2839 33 2847; x_wconf 39' lang='lat'>,</span> <span class='ocrx_word' id='word_1_221' title='bbox 66 2780 198 2845; x_wconf 86' lang='lat' dir='ltr'>stinehat,</span> <span class='ocrx_word' id='word_1_222' title='bbox 231 2797 263 2836; x_wconf 89' lang='lat' dir='ltr'>ac</span> <span class='ocrx_word' id='word_1_223' title='bbox 294 2778 407 2853; x_wconf 90' lang='lat' dir='ltr'>proinde</span> <span class='ocrx_word' id='word_1_224' title='bbox 437 2787 580 2851; x_wconf 90' lang='lat' dir='ltr'>suspectus</span> <span class='ocrx_word' id='word_1_225' title='bbox 613 2795 673 2835; x_wconf 88' lang='lat' dir='ltr'>esse</span> <span class='ocrx_word' id='word_1_226' title='bbox 702 2778 818 2834; x_wconf 86' lang='lat' dir='ltr'>Plrotino</span> <span class='ocrx_word' id='word_1_227' title='bbox 847 2780 979 2836; x_wconf 86' lang='lat' dir='ltr'>Diaconus</span> <span class='ocrx_word' id='word_1_228' title='bbox 1011 2779 1082 2838; x_wconf 87' lang='lat' dir='ltr'>illius</span> 
     </span>
    </p>

    <p class='ocr_par' dir='ltr' id='par_1_6' title="bbox 86 2873 818 2922">
     <span class='ocr_line' id='line_1_29' title="bbox 86 2873 818 2922; baseline -0.001 0"><span class='ocrx_word' id='word_1_229' title='bbox 86 2873 182 2922; x_wconf 91' lang='lat' dir='ltr'>oterat.</span> <span class='ocrx_word' id='word_1_230' title='bbox 816 2879 818 2882; x_wconf 86' lang='grc'><strong><em>·</em></strong></span> 
     </span>
    </p>

    <p class='ocr_par' dir='ltr' id='par_1_7' title="bbox 65 2886 1083 3191">
     <span class='ocr_line' id='line_1_30' title="bbox 65 2886 1082 3025; baseline 0.001 -20"><span class='ocrx_word' id='word_1_231' title='bbox 65 2886 82 2940; x_wconf 72' lang='lat' dir='ltr'>p</span> <span class='ocrx_word' id='word_1_232' title='bbox 98 2991 100 2995; x_wconf 35' lang='lat'>1</span> <span class='ocrx_word' id='word_1_233' title='bbox 150 2939 567 3024; x_wconf 75' lang='grc' dir='ltr'><strong><em>ΚαλλικράτειἘκσκὲπτορι]</em></strong></span> <span class='ocrx_word' id='word_1_234' title='bbox 589 2937 745 3025; x_wconf 79' lang='grc' dir='ltr'><em>’Έπαρχος</em></span> <span class='ocrx_word' id='word_1_235' title='bbox 759 2947 927 3003; x_wconf 78' lang='lat' dir='ltr'>Praefectum</span> <span class='ocrx_word' id='word_1_236' title='bbox 943 2949 1082 3006; x_wconf 89' lang='lat' dir='ltr'>Praetorio</span> 
     </span>
     <span class='ocr_line' id='line_1_31' title="bbox 66 3032 1083 3109; baseline 0 -19"><span class='ocrx_word' id='word_1_237' title='bbox 66 3035 207 3109; x_wconf 80' lang='lat' dir='ltr'>significat.</span> <span class='ocrx_word' id='word_1_238' title='bbox 240 3033 384 3088; x_wconf 87' lang='lat' dir='ltr'>Corcarius</span> <span class='ocrx_word' id='word_1_239' title='bbox 405 3049 469 3087; x_wconf 87' lang='lat' dir='ltr'>vero</span> <span class='ocrx_word' id='word_1_240' title='bbox 491 3032 656 3088; x_wconf 86' lang='lat' dir='ltr'>Praesidem</span> <span class='ocrx_word' id='word_1_241' title='bbox 677 3032 773 3089; x_wconf 85' lang='lat' dir='ltr'>reddit.</span> <span class='ocrx_word' id='word_1_242' title='bbox 813 3032 976 3088; x_wconf 83' lang='lat' dir='ltr'>Crediderim</span> <span class='ocrx_word' id='word_1_243' title='bbox 998 3035 1083 3090; x_wconf 83' lang='lat' dir='ltr'>Prae-</span> 
     </span>
     <span class='ocr_line' id='line_1_32' title="bbox 65 3118 562 3191; baseline -0.01 -14"><span class='ocrx_word' id='word_1_244' title='bbox 65 3122 166 3177; x_wconf 89' lang='lat' dir='ltr'>lcctum</span> <span class='ocrx_word' id='word_1_245' title='bbox 188 3119 327 3175; x_wconf 86' lang='lat' dir='ltr'>Praetorio</span> <span class='ocrx_word' id='word_1_246' title='bbox 350 3118 448 3191; x_wconf 90' lang='lat' dir='ltr'>lllyrici</span> <span class='ocrx_word' id='word_1_247' title='bbox 469 3118 562 3173; x_wconf 86' lang='lat' dir='ltr'>luisse.</span> 
     </span>
    </p>

    <p class='ocr_par' dir='ltr' id='par_1_8' title="bbox 62 3195 1082 3617">
     <span class='ocr_line' id='line_1_33' title="bbox 151 3195 1082 3281; baseline -0.005 -18"><span class='ocrx_word' id='word_1_248' title='bbox 151 3207 210 3263; x_wconf 83' lang='lat'>830</span> <span class='ocrx_word' id='word_1_249' title='bbox 227 3221 251 3260; x_wconf 87' lang='lat' dir='ltr'>a.</span> <span class='ocrx_word' id='word_1_250' title='bbox 281 3199 330 3257; x_wconf 76' lang='lat' dir='ltr'>nui</span> <span class='ocrx_word' id='word_1_251' title='bbox 353 3198 506 3281; x_wconf 76' lang='lat' dir='ltr'>Bcorlalrp</span> <span class='ocrx_word' id='word_1_252' title='bbox 527 3195 753 3279; x_wconf 70' lang='lat' dir='ltr'>Mcpropurir&#39;orp]</span> <span class='ocrx_word' id='word_1_253' title='bbox 785 3199 1082 3280; x_wconf 75' lang='lat' dir='ltr'>FortasseMapiopu-</span> 
     </span>
     <span class='ocr_line' id='line_1_34' title="bbox 65 3285 1081 3366; baseline 0 -23"><span class='ocrx_word' id='word_1_254' title='bbox 65 3285 156 3366; x_wconf 69' lang='lat' dir='ltr'>piore,</span> <span class='ocrx_word' id='word_1_255' title='bbox 179 3289 255 3362; x_wconf 91' lang='lat' dir='ltr'>quasi</span> <span class='ocrx_word' id='word_1_256' title='bbox 275 3288 462 3346; x_wconf 83' lang='lat' dir='ltr'>Memcrcrr&#39;os</span> <span class='ocrx_word' id='word_1_257' title='bbox 485 3298 562 3344; x_wconf 88' lang='lat' dir='ltr'>vocet</span> <span class='ocrx_word' id='word_1_258' title='bbox 591 3287 638 3360; x_wconf 91' lang='lat' dir='ltr'>qui</span> <span class='ocrx_word' id='word_1_259' title='bbox 660 3297 724 3342; x_wconf 88' lang='lat' dir='ltr'>suut</span> <span class='ocrx_word' id='word_1_260' title='bbox 745 3287 941 3351; x_wconf 85' lang='lat' dir='ltr'>Memoriales,</span> <span class='ocrx_word' id='word_1_261' title='bbox 966 3305 1081 3360; x_wconf 90' lang='lat' dir='ltr'>quorum</span> 
     </span>
     <span class='ocr_line' id='line_1_35' title="bbox 64 3371 1079 3447; baseline 0.002 -20"><span class='ocrx_word' id='word_1_262' title='bbox 64 3376 203 3447; x_wconf 89' lang='lat' dir='ltr'>proprium</span> <span class='ocrx_word' id='word_1_263' title='bbox 227 3391 325 3428; x_wconf 87' lang='lat' dir='ltr'>munus</span> <span class='ocrx_word' id='word_1_264' title='bbox 349 3381 406 3427; x_wconf 88' lang='lat' dir='ltr'>erat</span> <span class='ocrx_word' id='word_1_265' title='bbox 428 3371 503 3444; x_wconf 85' lang='lat' dir='ltr'>leges</span> <span class='ocrx_word' id='word_1_266' title='bbox 527 3382 553 3428; x_wconf 89' lang='lat' dir='ltr'>et</span> <span class='ocrx_word' id='word_1_267' title='bbox 569 3371 697 3443; x_wconf 89' lang='lat' dir='ltr'>rescripta</span> <span class='ocrx_word' id='word_1_268' title='bbox 715 3372 838 3443; x_wconf 87' lang='lat' dir='ltr'>excipere</span> <span class='ocrx_word' id='word_1_269' title='bbox 854 3389 884 3428; x_wconf 88' lang='lat' dir='ltr'>oc</span> <span class='ocrx_word' id='word_1_270' title='bbox 901 3373 1079 3445; x_wconf 86' lang='lat' dir='ltr'>perscribere.</span> 
     </span>
     <span class='ocr_line' id='line_1_36' title="bbox 62 3449 1078 3533; baseline -0.002 -18"><span class='ocrx_word' id='word_1_271' title='bbox 62 3460 140 3515; x_wconf 80' lang='lat' dir='ltr'>dliud</span> <span class='ocrx_word' id='word_1_272' title='bbox 171 3468 213 3514; x_wconf 90' lang='lat' dir='ltr'>est</span> <span class='ocrx_word' id='word_1_273' title='bbox 235 3449 473 3533; x_wconf 77' lang='grc' dir='ltr'><em>Μεμοροφύλαξ</em></span> <span class='ocrx_word' id='word_1_274' title='bbox 502 3466 528 3513; x_wconf 90' lang='lat' dir='ltr'>et</span> <span class='ocrx_word' id='word_1_275' title='bbox 556 3450 723 3532; x_wconf 74' lang='grc' dir='ltr'><em>μεμορίτης</em></span> <span class='ocrx_word' id='word_1_276' title='bbox 744 3456 775 3521; x_wconf 85' lang='lat' dir='ltr'>¹in</span> <span class='ocrx_word' id='word_1_277' title='bbox 807 3455 925 3512; x_wconf 84' lang='lat' dir='ltr'>Concilio</span> <span class='ocrx_word' id='word_1_278' title='bbox 956 3458 1078 3514; x_wconf 83' lang='lat' dir='ltr'>Chalced.</span> 
     </span>
     <span class='ocr_line' id='line_1_37' title="bbox 62 3533 1079 3617; baseline 0 -18"><span class='ocrx_word' id='word_1_279' title='bbox 62 3546 121 3601; x_wconf 82' lang='lat' dir='ltr'>Act.</span> <span class='ocrx_word' id='word_1_280' title='bbox 139 3549 167 3609; x_wconf 83' lang='lat' dir='ltr'>t,</span> <span class='ocrx_word' id='word_1_281' title='bbox 197 3545 250 3599; x_wconf 89' lang='lat' dir='ltr'>huc</span> <span class='ocrx_word' id='word_1_282' title='bbox 272 3551 314 3598; x_wconf 91' lang='lat' dir='ltr'>est</span> <span class='ocrx_word' id='word_1_283' title='bbox 337 3533 352 3599; x_wconf 83' lang='grc' dir='ltr'><em>ὃ</em></span> <span class='ocrx_word' id='word_1_284' title='bbox 376 3537 407 3596; x_wconf 77' lang='lat' dir='ltr'>r‘u</span> <span class='ocrx_word' id='word_1_285' title='bbox 427 3537 586 3617; x_wconf 68' lang='lat' dir='ltr'>prepropr‘crp</span> <span class='ocrx_word' id='word_1_286' title='bbox 608 3541 766 3597; x_wconf 78' lang='grc' dir='ltr'><em>κατοικῶν.</em></span> <span class='ocrx_word' id='word_1_287' title='bbox 811 3541 860 3609; x_wconf 80' lang='lat' dir='ltr'>Oui</span> <span class='ocrx_word' id='word_1_288' title='bbox 883 3543 916 3598; x_wconf 91' lang='lat' dir='ltr'>ad</span> <span class='ocrx_word' id='word_1_289' title='bbox 938 3542 1079 3610; x_wconf 82' lang='lat' dir='ltr'>Hemorias</span> 
     </span>
    </p>
   </div>
   <div class='ocr_carea' id='block_1_4' title="bbox 61 3624 874 3754">
    <p class='ocr_par' dir='ltr' id='par_1_9' title="bbox 61 3624 874 3754">
     <span class='ocr_line' id='line_1_38' title="bbox 61 3624 874 3704; baseline -0.002 -21"><span class='ocrx_word' id='word_1_290' title='bbox 61 3629 207 3704; x_wconf 83' lang='lat' dir='ltr'>Martyrum</span> <span class='ocrx_word' id='word_1_291' title='bbox 233 3635 260 3685; x_wconf 89' lang='lat' dir='ltr'>et</span> <span class='ocrx_word' id='word_1_292' title='bbox 282 3628 309 3682; x_wconf 89' lang='lat' dir='ltr'>in</span> <span class='ocrx_word' id='word_1_293' title='bbox 330 3626 457 3684; x_wconf 87' lang='lat' dir='ltr'>Ecclesiis</span> <span class='ocrx_word' id='word_1_294' title='bbox 479 3625 578 3684; x_wconf 86' lang='lat' dir='ltr'>ibidem</span> <span class='ocrx_word' id='word_1_295' title='bbox 601 3625 738 3683; x_wconf 85' lang='lat' dir='ltr'>collocatis</span> <span class='ocrx_word' id='word_1_296' title='bbox 761 3624 874 3683; x_wconf 84' lang='lat' dir='ltr'>habitat.</span> 
     </span>
     <span class='ocr_line' id='line_1_39' title="bbox 836 3717 847 3754; baseline 0 0"><span class='ocrx_word' id='word_1_297' title='bbox 836 3717 847 3754; x_wconf 86' lang='lat' dir='ltr'>r</span> 
     </span>
    </p>
   </div>
   <div class='ocr_carea' id='block_1_5' title="bbox 0 0 1272 4154">
    <p class='ocr_par' dir='ltr' id='par_1_10' title="bbox 0 0 1272 4154">
     <span class='ocr_line' id='line_1_40' title="bbox 0 0 1272 4154; baseline 0 2"><span class='ocrx_word' id='word_1_298' title='bbox 0 0 1272 4154; x_wconf 95' lang='lat' dir='ltr'> </span> 
     </span>
    </p>
   </div>
  </div>
 </body>
</html>
