2534 4154
140 277 228 348 ,3122
537 343 541 349 ,
617 257 743 338 sarain
815 318 817 322 ι

161 456 227 513 erat.
251 446 382 503 stationes
403 443 534 501 llominioi
555 443 677 516 corporis
700 444 890 500 communione
911 442 1030 507 dissolvi,
1054 442 1184 515 quoniam

161 531 289 606 quiequid
311 529 339 587 in
361 531 457 595 eastris
479 528 591 592 aecidat.
613 529 668 585 sive
682 544 855 601 prosperum,
879 528 934 584 sive
948 527 1035 592 trista,
1060 527 1183 596 militaris

161 615 336 678 nihilominus
365 614 446 670 statio
468 621 632 686 perseverat.
674 613 819 686 Perperam
842 613 925 686 igitur
945 611 1092 668 llhahanus
1115 613 1184 668 haee

161 701 328 777 posteriora:
351 701 446 772 utique
467 700 550 758 nullo
571 699 692 768 laetitia,
714 700 773 754 siue
795 699 986 766 tristitioato.
1007 697 1084 752 velut
1100 714 1185 753 eane

162 803 219 849 sam
241 784 340 849 atttdit,
364 801 414 842 aur
429 783 642 841 Chiistianorum
666 783 747 839 statio
769 801 784 840 a
807 782 914 838 militari
935 798 1035 860 nomen
1058 782 1184 855 aeaepis-

162 879 214 937 set
245 869 304 938 Quo
327 868 423 924 eodem
445 884 539 933 errore
561 867 695 942 Pamelius
717 867 751 924 ad
771 867 819 923 lib.
842 869 875 923 de
899 867 1004 924 Corona
1019 866 1073 923 llil.
1097 883 1122 923 e.
1135 870 1181 925 ll.

163 955 312 1023 Stationem
335 953 399 1009 dinit
420 968 470 1025 per
490 952 677 1026 metaphoram
700 970 715 1008 a
737 951 896 1009 militaribus
919 950 1083 1008 stationibus
1098 968 1183 1007 usur·-

162 1038 236 1114 pari‚
265 1040 339 1110 qood
367 1039 492 1109 quandiu
519 1039 551 1093 iu
570 1038 692 1093 statione
714 1039 815 1093 milites
837 1045 935 1106 erant,
963 1037 1095 1092 ieiunare
1116 1037 1182 1092 illos

163 1124 317 1196 oportebat
348 1122 426 1191 erod
448 1139 513 1178 sane
534 1121 677 1179 ridiculum
699 1130 750 1177 est.
765 1182 767 1186 ,
781 1122 874 1196 Neque
896 1138 959 1177 vero
982 1120 1075 1177 tandiu
1097 1121 1183 1177 lamo·

163 1207 230 1264 lioos
260 1225 320 1264 esse
348 1207 537 1280 praesidiarios
564 1207 624 1263 illos
654 1216 681 1262 et
709 1206 896 1270 excubitores,
926 1206 1063 1262 exereitus
1093 1206 1181 1279 ipsius

163 1301 245 1365 atque
267 1292 440 1366 Imperatoris
469 1291 602 1348 interfuit.
647 1291 701 1347 Sed
723 1308 774 1347 neo
796 1291 911 1348 astatis
933 1290 1102 1364 temporibus
1125 1300 1184 1347 sta·

163 1378 252 1446 tiones
274 1377 427 1435 nominatae
451 1376 583 1440 videntur,
607 1376 656 1432 sed
678 1375 711 1432 ab
733 1377 791 1450 ipsa
812 1376 964 1440 assistendi,
989 1376 1042 1431 hoo
1055 1384 1100 1431 est
1116 1391 1185 1433 eon-

82 1500 86 1506 ·
164 1462 286 1530 veniendi
308 1461 548 1534 commorandique
569 1461 723 1525 iunctione,
751 1461 824 1533 quod
846 1461 917 1516 ultra
938 1460 1089 1533 legitimum
1112 1459 1185 1533 Syn·

163 1565 249 1604 aneon
272 1556 388 1620 tempus,
412 1545 535 1602 videlicet
555 1547 728 1611 matutinum,
750 1547 871 1602 Divinum
895 1545 1013 1603 officium
1033 1545 1206 1601 aduenam

163 1648 251 1706 usque
280 1632 463 1704 producerent
490 1640 519 1687 et
547 1631 731 1687 diuturniores
757 1631 784 1686 in
807 1631 926 1687 Ecclesia
948 1647 1037 1686 moras
1060 1637 1184 1702 agerent.

163 1717 242 1790 Apud
256 1715 418 1790 Cypriorum
433 1716 518 1788 Epist.
535 1719 571 1777 tt
597 1715 630 1770 ad
647 1715 801 1773 Cornelium
816 1715 915 1788 Papam
937 1714 1062 1770 stationis
1084 1731 1185 1770 nomen

165 1810 220 1857 tam
248 1801 281 1856 de
309 1808 444 1868 conventu
477 1801 536 1872 ipso
566 1801 702 1872 quamde
725 1808 849 1874 tempore
870 1817 902 1856 ao
922 1800 965 1855 die
987 1808 1081 1872 potest
1102 1799 1187 1855 intel-

163 1884 225 1956 ligi,
254 1901 315 1941 euin
343 1885 376 1940 de
398 1884 536 1940 Novatiani
562 1885 659 1957 legatis
688 1885 853 1949 in.Airioam
879 1884 968 1940 missis
996 1901 1096 1957 agens:
1129 1883 1186 1951 Qut*

165 1985 226 2024 oum
247 1969 278 2023 io
299 1968 429 2032 statione,
451 1969 549 2040 iuquit,
574 1971 723 2025 inuidiosis
744 1986 853 2041 quoqne
875 1970 1019 2035 conuiciis
1032 1977 1059 2024 et
1079 1971 1186 2024 atomo·

164 2054 243 2111 udus
265 2053 431 2109 turbulentis
449 2061 624 2124 proruerunt
646 2063 698 2109 eto.

250 2136 431 2206 Quamobrem
454 2138 584 2194 stationes
607 2155 661 2193 non
684 2137 784 2193 ieiunia
805 2138 863 2211 ipsa
885 2148 965 2202 suut,
989 2136 1037 2194 sed
1059 2155 1122 2196 cum
1144 2138 1187 2194 ie-

165 2223 245 2281 iuniis
268 2223 421 2281 coniuncta.
452 2222 611 2294 Quanquam
633 2223 733 2296 duplex
754 2223 916 2279 ieiuniorum
939 2240 1025 2296 genus
1048 2225 1121 2296 apud
1134 2240 1188 2279 an-

165 2307 256 2381 tiquos
278 2308 337 2363 init.
368 2307 433 2365 Nam
455 2307 528 2364 aliud
550 2307 708 2379 exquisitius
731 2317 805 2372 erat,
828 2308 902 2380 quod
923 2307 1040 2381 longius,
1067 2309 1122 2364 hoo
1144 2316 1188 2365 est

165 2392 199 2449 ad
220 2408 360 2466 vesperam
382 2409 470 2465 usque
492 2392 701 2465 prorogabatun
725 2393 766 2449 uti
789 2393 1020 2466 quadragesimale
1041 2393 1185 2450 Ieiunium.
1227 2460 1229 2465 ¹

165 2476 330 2551 Epiphanius
353 2477 425 2533 enini
447 2477 530 2542 inira,
560 2477 655 2533 eodem
678 2478 730 2534 isto
759 2479 862 2551 capite,
891 2478 1010 2550 Synanes
1032 2479 1188 2550 quadrage·

166 2562 273 2619 simules
297 2561 330 2617 ab
352 2563 420 2618 hora
442 2579 513 2618 nona
536 2563 568 2625 ad
591 2579 731 2635 vesperam
754 2580 842 2636 usque
863 2562 994 2618 celebrari
1008 2562 1100 2626 donet,
1122 2571 1187 2621 aute

167 2662 233 2718 quas
249 2645 367 2718 Synsxes
387 2646 487 2713 ieiunia
509 2647 618 2703 minime
642 2647 824 2703 solvebantur.
853 2647 934 2703 Aliud
956 2656 1014 2705 erat
1035 2647 1116 2721 paulo
1139 2664 1189 2705 m·

165 2729 275 2787 missius
297 2746 328 2785 ao
349 2729 467 2794 brevius,
490 2731 563 2804 quod
585 2731 619 2788 ad
640 2749 740 2789 nouam
754 2732 890 2789 duntaxat
904 2732 1112 2804 produceretur,
1132 2748 1188 2789 eu-

166 2813 283 2871 iusmodi
311 2815 393 2875 leriae
423 2824 534 2889 quartae
563 2826 709 2888 sexusque
731 2816 862 2873 ieiunium
884 2817 1004 2873 extitisse
1027 2817 1098 2874 mem
1120 2817 1189 2890 Epi-

166 2898 283 3000 phanias
311 2899 422 2955 asserit:
451 2892 573 2975 τετράδι
597 2895 630 2956 δὲ
645 2896 702 2956 καὶ
723 2896 756 2956 ἐν
777 2893 1024 2979 προσαββάτῳ
1011 2919 1042 2958 aa
1064 2897 1189 2983 νηστείᾳ

168 2976 224 3050 ἕως
246 2972 330 3060 ὥρας
351 2974 467 3059 ἐνάτης.
507 2983 575 3040 Hine
597 2995 648 3049 est,
676 2985 758 3060 quod,
782 2995 813 3041 ut
834 3003 868 3043 ex
890 2986 1054 3043 Tertulliano
1077 2987 1190 3059 perspi·

132 3127 135 3142 ,
167 3085 248 3135 cuum
271 3078 322 3138 est,
345 3069 476 3132 stationes
498 3085 554 3126 non
576 3069 647 3137 ultra
668 3086 767 3127 nonam
790 3071 1010 3128 extenderentur.
1051 3071 1111 3140 Quo
1133 3089 1189 3129 no-

168 3154 240 3211 mine
263 3171 279 3211 a
301 3153 454 3218 Catholicis,
478 3170 548 3227 quos
569 3153 716 3227 Psyohiaos
730 3155 865 3228 appellat,
882 3156 1068 3215 >dormisne
1088 3173 1188 3230 repre-

167 3238 247 3309 hensi
267 3247 341 3305 sunt,
363 3255 414 3313 pro
437 3256 475 3295 en
492 3238 566 3312 qnod
587 3239 720 3296 stationes
741 3257 805 3297 suas
819 3241 853 3295 ad
867 3258 1006 3314 vesperam
1020 3242 1187 3314 proterrent.

167 3323 325 3388 Tertulliani
349 3322 432 3381 *verba
459 3332 524 3381 suot
549 3323 598 3380 lib.
628 3324 662 3380 de
689 3324 798 3381 Ieiuniis
827 3334 922 3383 rantra
950 3326 1063 3399 Paron:
1092 3326 1189 3399 deque

166 3409 302 3479 spirationes
323 3416 446 3474 nostros,
468 3417 499 3464 ut
520 3409 661 3480 teutonas,
685 3411 823 3480 quondan
844 3427 911 3467 uero
927 3419 953 3467 et
967 3412 1107 3469 inseram
1120 3429 1189 3467 eoas·

166 3493 280 3559 stitutus
308 3494 444 3550 nouitatis
465 3495 576 3550 nomiae
597 3495 746 3563 incusant,
759 3537 761 3541 Α
775 3495 827 3550 hoe
849 3511 959 3568 qnoque
980 3513 1081 3553 munus
1103 3504 1131 3552 et
1151 3511 1189 3553 ez

169 3577 287 3645 arbitrio
310 3579 466 3634 obeundum
481 3594 546 3647 reare
569 3581 690 3635 dicentes
712 3587 739 3635 et
760 3597 816 3635 non
837 3582 914 3637 ultro
935 3598 1040 3637 aonam
1062 3584 1195 3641 aunam
