2534 4154
497 326 787 378 anruiuunasionos.
1113 312 1167 406 55-

131 480 197 537 nihil
226 496 309 555 supra
337 480 521 537 coniecturam
544 498 575 538 ao
597 481 765 555 probabilem
788 482 943 555 opinionem
965 480 1072 536 babeat.
1118 480 1151 537 Et

128 565 240 639 quidem
269 582 331 620 oum
359 565 409 621 tria
432 566 503 638 apud
525 567 638 623 ludaeos
661 577 723 623 ante
747 567 884 623 Christum
906 574 1042 621 sectarum
1064 566 1151 638 capita

130 650 246 716 luerint,
275 650 500 715 Pharisaeorum,
530 651 749 709 Sadducaeorum
771 660 799 708 et
819 652 999 716 Essenorum,
1029 660 1152 706 caeterae

126 752 235 801 omnes,
259 752 328 808 quae
351 734 384 790 ab
406 735 573 808 Epiphanio,
599 737 641 792 vel
663 737 721 793 aliis
745 745 938 801 memorantur,
962 735 1095 792 Haereses
1119 735 1152 792 ad
1176 758 1179 764 ·

126 820 236 877 illarum
259 820 412 894 quampiam
434 822 531 876 merito
554 831 724 887 revocantur,
748 841 762 877 a
785 840 838 895 qua
860 822 937 877 initio
952 820 1149 894 produxerunt.

127 906 289 977 Quanquam
319 905 447 979 paulatim
476 907 551 961 novis
574 908 607 962 ad
630 907 783 962 institutum
807 906 904 962 ritibus
926 923 957 961 ac
979 905 1151 978 dogmatibus

126 990 301 1054 adliciendis,
332 999 379 1045 aut
407 999 502 1046 contra
530 991 666 1048 veteribus
689 991 856 1056 reiiciendis,
886 991 1001 1046 multum
1024 1009 1039 1046 a
1060 992 1151 1063 priore

128 1076 216 1131 lorma
246 1075 412 1130 deflexerint.
460 1076 639 1144 Quamobrem
670 1076 702 1132 ab
726 1076 835 1132 Essenis
859 1076 977 1131 stenos
1002 1076 1069 1132 istos
1092 1093 1152 1131 ma-

127 1177 210 1216 nasse
233 1159 362 1216 credibile
385 1168 441 1226 est;
466 1162 574 1217 tametsi
595 1161 710 1235 plurima
732 1160 784 1216 illis
807 1161 942 1216 contraria
957 1161 1082 1233 dogmata
1098 1162 1151 1216 Os-

127 1245 188 1300 seni
212 1246 387 1318 postmodum
410 1245 601 1310 adstruxerint,
625 1247 698 1319 quod
721 1264 752 1301 ex
774 1245 871 1319 Epiplr.
895 1254 1020 1301 constare
1042 1254 1144 1319 potest.

216 1358 256 1412 40
272 1372 295 1410 a.
328 1345 485 1430 ὥρμηνται
509 1349 542 1410 δὲ
564 1336 662 1429 οὗτοι]
700 1356 774 1411 Unde
803 1364 831 1411 et
859 1355 997 1428 Sampsaei
1025 1356 1149 1428 proiecti.

127 1439 181 1508 Qui
204 1441 272 1495 meri
295 1448 359 1495 sunt
382 1439 487 1504 steni,
511 1440 563 1495 nisi
585 1441 658 1514 quod
681 1442 714 1495 ad
735 1457 906 1497 communem
928 1440 1150 1512 superstitionem
1227 1466 1229 1471 ·

130 1533 280 1597 utcumque
303 1524 447 1580 Christiani
470 1525 586 1580 nominis
612 1526 808 1596 professionem
830 1525 1016 1580 adiunxerant.
1047 1524 1150 1579 Horum
1223 1533 1227 1543 “

128 1609 213 1682 igitur
242 1609 406 1665 domicilium
428 1610 454 1664 in
477 1610 578 1665 Peraea
601 1611 666 1674 l'uit,
696 1620 727 1666 ut
748 1610 858 1666 Haeresi
883 1609 920 1670 53
944 1610 1075 1681 scripturn
1098 1616 1149 1673 est,

128 1688 227 1771 aanor
247 1695 302 1766 τῆς
324 1686 453 1764 obnube,
481 1686 549 1769 ἤτοι
573 1696 680 1771 νεκρᾶς
702 1689 890 1794 καλουμένηξ
910 1685 1090 1767 θαλάσσης,
1119 1689 1151 1748 ἐν

129 1779 165 1857 τῇ
189 1773 373 1851 Μωαβίτιδι
391 1772 482 1859 χώρᾳ
504 1775 572 1856 περὶ
595 1774 654 1835 τὸν·
664 1772 854 1856 χειμάῤῥουν
870 1777 987 1855 Apvniv
1008 1777 1057 1834 nod
1081 1772 1149 1834 ἐπέ-

126 1881 228 1933 κεινα,
258 1859 290 1919 ἐν
316 1864 354 1941 τῇ
373 1857 509 1944 ’Ῑτουρὲᾳ
538 1859 588 1919 καὶ
610 1861 796 1936 deponite.
840 1865 877 1919 Ea
906 1864 1004 1937 quibus
1027 1864 1149 1920 fortassis

125 1948 297 2004 emendanda
319 1967 369 2004 vox
391 1951 446 2024 τῆς
464 1940 674 2026 Ἆρηϊλίτιόος,
698 1967 767 2022 quae
791 1949 925 2006 hocloco
948 1950 1056 2022 legitur,
1080 1965 1149 2021 quae

127 2050 264 2106 nusquam
287 2034 438 2106 reperitur,
461 2052 567 2108 proque
591 2052 621 2090 ea
644 2035 864 2090 substituendum
883 2026 1099 2113 Ἀρωηρίτιδος
1116 2033 1149 2105 ab

128 2120 223 2182 droer,
242 2136 311 2191 quae
329 2128 356 2175 et
370 2120 407 2173 dr
421 2128 543 2182 vocatur,
560 2119 736 2175 Moabitarum
752 2120 820 2176 urbe
836 2119 1062 2192 frequentissima,
1080 2135 1149 2190 quae

127 2203 238 2259 Graecis
262 2212 303 2259 est
313 2193 493 2279 Ἀρεόπολις,
516 2205 549 2259 ad
572 2214 721 2261 torrentem
737 2206 839 2267 Arnon,
863 2213 894 2259 ut
916 2205 949 2260 ad
971 2221 994 2259 c.
1012 2205 1046 2260 12
1070 2204 1149 2258 losue

128 2285 227 2346 Masius
251 2288 385 2344 observat.
416 2289 564 2345 Possumus
588 2297 615 2344 et
631 2281 843 2366 Ἀρνωνίτιὸος
865 2287 1024 2344 atorrentis
1040 2287 1149 2342 nomine

125 2374 261 2447 suspicari
282 2375 423 2446 scriptum.

212 2491 304 2549 τοῦτο
334 2485 368 2547 δὲ
394 2485 429 2549 τὸ
451 2485 535 2568 γένος
557 2491 618 2548 τῶν
638 2482 807 2565 Ὀσσηνῶν]
842 2490 923 2559 Quasi
945 2508 960 2545 a
981 2488 1064 2547 verbo
1087 2501 1148 2565 quta

127 2577 281 2652 profectum
305 2577 348 2642 sit,
373 2579 446 2652 quod
469 2578 496 2632 in
518 2578 648 2632 drantaea
669 2576 762 2648 lingua
782 2576 883 2647 sortem
905 2591 979 2640 esse,
1002 2574 1044 2630 vel
1066 2577 1149 2631 robo-

126 2680 194 2719 rare
218 2661 360 2736 significat.
384 2662 427 2717 alii
450 2662 482 2717 ab
506 2661 630 2717 Hebraeo
649 2674 696 2720 tw
712 2660 859 2717 deducunt.
890 2660 1011 2734 Scaliger
1025 2677 1081 2716 nou
1097 2661 1149 2716 du-

128 2746 195 2804 bitat
218 2748 284 2820 quin
305 2737 452 2821 Ὀσσηνὸς
473 2755 504 2803 ut
523 2737 667 2821 Ἐσσηνὸς
682 2737 761 2801 κατὰ
776 2737 962 2822 παραγωγὴν
986 2756 1149 2819 conceptum

126 2833 162 2889 sit
185 2824 247 2888 ἀπὸ
269 2834 325 2888 τοῦ
347 2843 442 2898 aaron,
466 2841 496 2888 ut
517 2832 589 2888 idem
612 2832 647 2887 sit
665 2824 810 2898 Ὀσσαῖος
832 2839 860 2887 et
881 2821 1037 2906 Ὀσσηνός.
1081 2831 1147 2887 Nam
1159 2839 1189 2890 38

100 2916 261 2975 reiusmodi
282 2917 485 2991 Patronymicae
513 2916 671 2973 inflexiones
700 2917 726 2971 in
751 2906 823 2991 ηνὸς
844 2915 962 2972 Arabum
986 2925 1013 2972 et
1034 2916 1150 2971 Asiano-

126 3019 187 3059 rum
209 3001 336 3075 propriae
359 3010 431 3068 sunt,
459 3009 490 3057 ut
512 3002 583 3058 idem
606 3019 637 3058 ea
660 3002 798 3075 Stephano
821 3001 849 3057 in
865 2992 1037 3075 Ἀβασηνὸς
1058 3001 1146 3063 docet,

124 3104 188 3144 cum
211 3087 347 3160 Europaei
369 3087 447 3143 aliter
469 3088 596 3143 forment.

211 3186 360 3273 συνήφθη
389 3189 422 3250 δὲ
449 3188 570 3265 τούτοις
589 3189 760 3270 μετέπειτα]
799 3195 836 3252 ue
858 3192 931 3249 lllxai
953 3192 1088 3256 meminit,
1117 3201 1148 3248 ut

123 3281 227 3339 dictum
251 3290 302 3347 est,
325 3282 353 3337 in
369 3281 576 3354 Sampsaeornm
593 3281 712 3337 Haeresi.
743 3279 820 3348 Quod
842 3288 933 3334 sectae
954 3294 1053 3333 nomen
1076 3293 1146 3342 esse,

123 3384 180 3423 non
203 3366 330 3431 hominis
353 3366 493 3440 proprium
517 3366 647 3422 ariolator
661 3366 789 3438 Scaliger.
820 3363 925 3419 Etenim
946 3361 1078 3417 Arabicus
1100 3379 1142 3418 ar-

124 3452 226 3511 ticulus
255 3448 296 3510 bat
325 3468 386 3506 cum
415 3451 595 3524 appellatione
625 3460 732 3514 sectae,
762 3450 814 3504 hoc
837 3455 879 3503 est
902 3457 983 3507 *nott
1004 3439 1147 3515 Ἐσσαῖος

123 3553 225 3593 nomen
247 3535 314 3592 illud
336 3537 442 3609 peperit
457 3534 601 3595 *bombat
617 3527 761 3603 Ἔλξαῖος,
783 3523 962 3599 ὃἜσσαῖος.
992 3531 1050 3600 Qua
1066 3533 1146 3589 etiam

124 3622 230 3678 ratione
253 3621 375 3677 eiusdem
396 3621 480 3677 frater
498 3613 622 3688 Ἰεξαῖος
643 3637 692 3693 pro
714 3610 831 3685 Ἐξαῖος
852 3616 887 3674 ab
901 3616 1052 3692 lipipbanio
1073 3635 1147 3681 nuu-
