2534 4154
340 311 344 320 '
424 325 500 374 nori
520 324 740 375 eutitianum.
1003 326 1095 370 xxxin

76 481 176 546 latine,
201 480 286 536 semel
308 480 389 537 etiam
413 480 514 536 Graece
537 498 677 545 excusam,
701 481 846 545 recudere,
869 488 974 536 tautum
997 490 1027 536 ut
1048 498 1096 538 re-

74 566 191 630 fellatur,
215 583 315 639 operae
336 565 454 639 pretium
477 583 531 621 non
554 576 606 622 est.
650 566 808 622 Toleranrus
831 565 939 640 quidem
967 566 1045 623 Vitas
1066 568 1096 622 in

73 653 124 707 boc
148 667 235 724 opere
255 651 364 715 multas,
388 651 452 707 dum
468 651 594 706 meliores
611 667 665 707 non
681 661 840 725 suppetunt,
864 651 954 706 naevis
970 651 1097 725 quando-

72 753 125 808 que
149 735 277 810 gravibus
299 752 440 808 aspersas:
463 752 577 810 quarum
600 736 888 800 auctores'credimus,
912 735 985 791 bona
999 754 1097 808 quam-

72 821 125 885 vis,
155 820 270 876 nimium
298 820 388 877 tannen
410 821 525 894 simplici
548 821 600 877 lide
628 821 770 877 mandasse
801 821 898 879 litteris
925 837 995 894 quae
1019 822 1097 894 plura

71 914 144 979 post⁸
157 906 270 962 saecula
290 906 387 978 partim
410 923 443 963 ex
456 905 652 962 vetustioribus
667 908 859 972 monumentis,
882 907 981 980 partim
996 923 1029 962 ex
1044 924 1097 979 po·

71 991 210 1064 pularium
232 990 423 1047 traditionibus
444 992 636 1064 compilarunt,
665 991 719 1046 Sed
743 993 925 1065 eas'amplius
948 992 1018 1048 lerre
1041 1008 1096 1047 non

72 1093 237 1149 possumus,
266 1092 336 1148 quae
357 1075 501 1132 melotide
524 1074 678 1132 nominibus
700 1076 794 1132 alienis
817 1078 989 1150 suppositae,
1020 1086 1096 1133 tanto

70 1161 181 1234 gravium
210 1159 351 1216 offendunt
374 1161 407 1216 ad
428 1162 485 1216 veri
506 1160 620 1235 falsique
643 1161 787 1216 discrimen
802 1160 986 1217 'exercitatum
1007 1162 1098 1218 lecto-

71 1262 145 1310 rem,
175 1253 278 1318 quanto
305 1246 410 1318 turpius
432 1245 576 1318 imponunt
598 1244 816 1318 simplicioribus.
861 1247 927 1302 Cum
951 1247 1021 1302 eninr
1045 1247 1096 1303 illis

70 1339 188 1386 eatenus
217 1330 261 1404 pia
288 1339 398 1403 aptetur
426 1329 587 1395 credulitas,
615 1340 751 1404 quatenus
780 1331 853 1388 nullu
880 1333 908 1388 io
929 1333 1096 1388 contrarium

71 1414 165 1472 obstat
187 1415 335 1489 auotoritas
362 1416 463 1472 certior
485 1416 527 1471 vel
548 1416 617 1472 ratio
639 1415 780 1473 dubitandi
801 1418 1008 1490 praegnantior:
1038 1417 1096 1473 istis

72 1500 139 1556 nibil
162 1508 224 1556 tuto
245 1499 381 1566 ereditur,
405 1501 456 1556 nisi
478 1502 552 1576 quod
574 1501 681 1558 aliunde
702 1501 838 1568 invenitur
859 1503 1014 1557 testimonio
1038 1517 1097 1555 ma-

73 1585 113 1658 gis
127 1584 237 1641 idoneo
260 1584 458 1642 confirmatum.
491 1587 584 1659 ltaque
606 1586 639 1641 iis
662 1602 731 1660 quae
753 1586 806 1642 dixi
829 1588 901 1644 dctis
925 1586 1041 1650 omissis,
1065 1601 1097 1641 ea

72 1669 204 1743 colligere
225 1669 369 1744 aggredior
390 1687 462 1745 quae
482 1670 541 1744 ipse
563 1671 596 1728 de
620 1688 649 1726 se
671 1687 757 1746 pauca
776 1673 851 1737 satis,
874 1671 952 1746 plura
967 1687 1037 1744 quae
1053 1670 1098 1726 alii

72 1754 219 1812 indubitati
240 1755 390 1839 scriptores
412 1765 571 1830 suggerent.

447 1961 459 1977 ‘
506 1993 614 2049 curor
637 1993 669 2048 n.

76 2111 155 2168 Casti
175 2112 362 2168 adolescentis
383 2111 578 2176 monachales,
601 2113 676 2166 oitoe
700 2121 779 2168 actos
797 2121 823 2168 et
839 2115 978 2184 quaedem
992 2094 1023 2168 io
1039 2113 1099 2186 epi·

198 2201 202 2211 '
476 2205 594 2268 scopato
615 2205 703 2268 pecto.

162 2352 192 2406 7.
233 2347 375 2422 Epiphanii
396 2349 518 2420 patriam
532 2349 787 2422 institutionemque
808 2348 988 2404 adolescentis
1010 2349 1100 2404 Sozo-

75 2450 173 2491 menus
195 2433 310 2506 explicat
331 2432 418 2489 liblll
440 2450 499 2507 cap.
513 2436 562 2499 32,
586 2433 633 2489 ubi
656 2434 689 2489 de
711 2433 850 2489 monachis
866 2433 1032 2489 Palaestinae
1054 2433 1099 2490 lo·

73 2536 179 2594 quens,
211 2518 269 2573 “lla
292 2535 400 2581 ecorum,
430 2518 533 2591 inquit,
556 2535 670 2575 numero
693 2518 744 2574 luit
766 2517 932 2591 Hesychius,
955 2517 1099 2574 Hilarionis
1152 2568 1153 2572 ,

75 2603 192 2666 sodabsa
214 2611 244 2658 et
257 2602 432 2677 Epiphanius,
457 2603 504 2676 qui
525 2613 621 2675 postea
636 2603 777 2660 Salaminis
800 2603 826 2658 in
842 2602 930 2677 Cypro
954 2603 1098 2678 episcopus

75 2688 135 2744 luit
165 2687 200 2744 llt
222 2686 372 2762 llesycbius
395 2688 504 2762 quidem
527 2689 555 2743 in
578 2688 674 2745 eodem
696 2705 751 2763 quo
774 2688 903 2762 magister
924 2689 986 2746 loco
1008 2690 1100 2763 philo·

76 2773 209 2847 sopbalus
232 2782 290 2840 est;
314 2773 480 2846 llpiplranius
504 2790 567 2830 vero
591 2774 662 2830 iusta
680 2774 862 2830 Besandncem
878 2775 974 2838 vicum,
997 2775 1026 2829 in
1042 2784 1100 2830 ter-

76 2857 171 2914 ritorio
195 2857 464 2932 Eleutheropolitano
487 2859 578 2924 situm,
603 2877 635 2914 ex
657 2876 712 2933 quo
736 2869 813 2916 ortus
835 2860 932 2915 luerat.
964 2860 1099 2927 Quicum

77 2942 108 2999 ab
139 2943 253 2998 ineunte
280 2943 463 3000 adolescentia
491 2961 507 3000 a
534 2944 773 3017 praestantissimis
796 2945 936 3000 monacbis
958 2943 1099 2999 institutus

76 3028 190 3091 luisset,
220 3027 334 3102 eiusque
362 3029 401 3084 rei
430 3045 509 3085 causa
538 3029 585 3085 diu
613 3039 735 3085 moratus
761 3038 835 3084 esset
856 3030 883 3084 in
905 3033 1043 3102 Aegypto,
1072 3027 1100 3081 in

76 3112 227 3168 monastica
248 3113 420 3186 pbilosophis
437 3113 631 3170 celeberrimus
647 3113 776 3169 exstitit'.
806 3117 844 3170 Ac
858 3114 975 3187 primum
991 3111 1100 3185 quidem

75 3197 280 3270 disciplinarum
302 3198 494 3255 litterariarum
516 3216 597 3255 causa
619 3199 731 3271 petitam
754 3198 787 3253 ab
812 3215 844 3254 eo
866 3200 1034 3270 Aegyptum,
1057 3204 1101 3251 at·

73 3297 130 3354 qne
145 3281 221 3338 -odeo
243 3282 272 3337 in
294 3283 403 3339 fortuna
425 3283 534 3340 minime
558 3286 633 3340 tenui
655 3293 758 3347 natum,
782 3283 847 3339 mibi
869 3280 1015 3355 persuadet
1030 3281 1099 3356 ipse,

75 3366 103 3422 iu
126 3364 198 3422 libro
219 3365 445 3432 Debuerecibos,
469 3369 574 3424 haeresi
592 3369 640 3431 26,
665 3366 711 3423 ubi
734 3368 767 3424 de
784 3368 917 3423 Gnostiois
940 3383 1033 3439 agens,
1057 3367 1101 3422 in·

76 3451 155 3524 quit:
184 3449 238 3507 “bi
259 3469 325 3519 nos,
349 3445 513 3518 charissimi,
538 3453 565 3509 in
587 3453 657 3508 bane
680 3453 814 3508 baeresim
837 3451 995 3518 incidimus,
1019 3462 1101 3509 etex

74 3534 197 3609 ipsomet
218 3552 329 3602 eorum,
352 3539 400 3611 qui
421 3539 491 3595 bano
512 3539 622 3612 proprie
646 3547 673 3593 et
695 3553 727 3593 en
748 3537 873 3593 instituto
896 3545 1030 3603 tractant,
1054 3554 1101 3594 ore

74 3636 108 3678 ac
128 3621 287 3696 magisterio
309 3621 449 3679 didicimus
457 3625 481 3690 ;''
505 3624 599 3700 utique
622 3623 779 3698 priusquam
795 3623 945 3679 monachus
961 3632 1050 3690 esset;
1074 3622 1101 3678 e‘t

22 3757 26 3765 ,
129 3714 274 3779 Rplpbanius.
299 3717 323 3761 V.
930 3722 947 3772 c
