<?xml version="1.0" encoding="UTF-8"?>
<!DOCTYPE html PUBLIC "-//W3C//DTD XHTML 1.0 Transitional//EN"
    "http://www.w3.org/TR/xhtml1/DTD/xhtml1-transitional.dtd">
<html xmlns="http://www.w3.org/1999/xhtml" xml:lang="en" lang="en">
 <head>
  <title>
</title>
<meta http-equiv="Content-Type" content="text/html;charset=utf-8" />
  <meta name='ocr-system' content='tesseract 3.04.00' />
  <meta name='ocr-capabilities' content='ocr_page ocr_carea ocr_par ocr_line ocrx_word'/>
</head>
<body>
  <div class='ocr_page' id='page_1' title='image "./epiphaniiepisco00epipgoog_0223.png"; bbox 0 0 2534 4154; ppageno 0'>
   <div class='ocr_carea' id='block_1_1' title="bbox 145 308 711 372">
    <p class='ocr_par' dir='ltr' id='par_1_1' title="bbox 145 308 711 372">
     <span class='ocr_line' id='line_1_1' title="bbox 145 308 711 372; baseline -0.002 -1"><span class='ocrx_word' id='word_1_1' title='bbox 145 308 204 371; x_wconf 73' lang='lat'>132</span> <span class='ocrx_word' id='word_1_2' title='bbox 599 322 711 372; x_wconf 76' lang='lat' dir='ltr'>rnrivn</span> 
     </span>
    </p>
   </div>
   <div class='ocr_carea' id='block_1_2' title="bbox 99 466 1164 3608">
    <p class='ocr_par' dir='ltr' id='par_1_2' title="bbox 142 466 1163 634">
     <span class='ocr_line' id='line_1_2' title="bbox 229 466 1163 553; baseline -0.004 -17"><span class='ocrx_word' id='word_1_3' title='bbox 229 475 332 536; x_wconf 77' lang='lat' dir='ltr'>423.b.</span> <span class='ocrx_word' id='word_1_4' title='bbox 360 470 413 531; x_wconf 69' lang='grc' dir='ltr'>ἵνα</span> <span class='ocrx_word' id='word_1_5' title='bbox 435 470 517 553; x_wconf 73' lang='grc' dir='ltr'><em>όέόξῃ</em></span> <span class='ocrx_word' id='word_1_6' title='bbox 540 470 574 534; x_wconf 86' lang='grc' dir='ltr'>τὸ</span> <span class='ocrx_word' id='word_1_7' title='bbox 597 466 677 543; x_wconf 76' lang='grc' dir='ltr'><em>εἶδος</em></span> <span class='ocrx_word' id='word_1_8' title='bbox 698 478 752 552; x_wconf 78' lang='grc' dir='ltr'>τῆς</span> <span class='ocrx_word' id='word_1_9' title='bbox 770 469 872 552; x_wconf 81' lang='grc' dir='ltr'><em>ἁγίας]</em></span> <span class='ocrx_word' id='word_1_10' title='bbox 894 476 1012 532; x_wconf 80' lang='lat' dir='ltr'>Eandem</span> <span class='ocrx_word' id='word_1_11' title='bbox 1029 493 1107 533; x_wconf 89' lang='lat' dir='ltr'>arcae</span> <span class='ocrx_word' id='word_1_12' title='bbox 1123 477 1163 532; x_wconf 89' lang='lat' dir='ltr'>si-</span> 
     </span>
     <span class='ocr_line' id='line_1_3' title="bbox 142 561 856 634; baseline -0.006 -12"><span class='ocrx_word' id='word_1_13' title='bbox 142 563 320 623; x_wconf 83' lang='lat' dir='ltr'>militudinem</span> <span class='ocrx_word' id='word_1_14' title='bbox 334 561 459 617; x_wconf 79' lang='lat' dir='ltr'>¹declarat</span> <span class='ocrx_word' id='word_1_15' title='bbox 481 563 549 634; x_wconf 79' lang='lat' dir='ltr'>Aug.</span> <span class='ocrx_word' id='word_1_16' title='bbox 573 580 634 618; x_wconf 85' lang='lat' dir='ltr'>con.</span> <span class='ocrx_word' id='word_1_17' title='bbox 658 563 737 618; x_wconf 76' lang='lat' dir='ltr'>Faus.</span> <span class='ocrx_word' id='word_1_18' title='bbox 749 564 797 626; x_wconf 85' lang='lat'>12,</span> <span class='ocrx_word' id='word_1_19' title='bbox 810 566 856 619; x_wconf 79' lang='lat' dir='ltr'>li.</span> 
     </span>
    </p>

    <p class='ocr_par' dir='ltr' id='par_1_3' title="bbox 141 640 1164 875">
     <span class='ocr_line' id='line_1_4' title="bbox 229 640 1164 722; baseline -0.002 -17"><span class='ocrx_word' id='word_1_20' title='bbox 229 649 290 705; x_wconf 79' lang='lat'>423</span> <span class='ocrx_word' id='word_1_21' title='bbox 307 646 333 702; x_wconf 83' lang='lat' dir='ltr'>d.</span> <span class='ocrx_word' id='word_1_22' title='bbox 364 641 413 701; x_wconf 77' lang='lat' dir='ltr'>uni</span> <span class='ocrx_word' id='word_1_23' title='bbox 437 641 463 702; x_wconf 85' lang='grc' dir='ltr'>εἷ</span> <span class='ocrx_word' id='word_1_24' title='bbox 476 641 533 719; x_wconf 78' lang='grc' dir='ltr'>μὲν</span> <span class='ocrx_word' id='word_1_25' title='bbox 547 642 684 720; x_wconf 72' lang='grc' dir='ltr'><em>ἐδέχοντο</em></span> <span class='ocrx_word' id='word_1_26' title='bbox 700 642 735 703; x_wconf 85' lang='grc' dir='ltr'>τὸ</span> <span class='ocrx_word' id='word_1_27' title='bbox 750 640 932 722; x_wconf 77' lang='grc' dir='ltr'><em>εὐαγγέλιον]</em></span> <span class='ocrx_word' id='word_1_28' title='bbox 957 647 1021 702; x_wconf 83' lang='lat' dir='ltr'>Nam</span> <span class='ocrx_word' id='word_1_29' title='bbox 1038 646 1071 703; x_wconf 84' lang='lat' dir='ltr'>de</span> <span class='ocrx_word' id='word_1_30' title='bbox 1087 649 1164 719; x_wconf 79' lang='lat' dir='ltr'>Apo·</span> 
     </span>
     <span class='ocr_line' id='line_1_5' title="bbox 142 730 1163 807; baseline -0.003 -17"><span class='ocrx_word' id='word_1_31' title='bbox 142 732 243 807; x_wconf 78' lang='lat' dir='ltr'>calypsi</span> <span class='ocrx_word' id='word_1_32' title='bbox 271 731 394 788; x_wconf 86' lang='lat' dir='ltr'>nonnihil</span> <span class='ocrx_word' id='word_1_33' title='bbox 422 749 437 787; x_wconf 82' lang='lat' dir='ltr'>u</span> <span class='ocrx_word' id='word_1_34' title='bbox 465 731 626 806; x_wconf 85' lang='lat' dir='ltr'>quibusdam</span> <span class='ocrx_word' id='word_1_35' title='bbox 654 732 821 797; x_wconf 79' lang='lat' dir='ltr'>dubitatum,</span> <span class='ocrx_word' id='word_1_36' title='bbox 851 732 883 788; x_wconf 86' lang='lat' dir='ltr'>dc</span> <span class='ocrx_word' id='word_1_37' title='bbox 909 749 964 807; x_wconf 89' lang='lat' dir='ltr'>quo</span> <span class='ocrx_word' id='word_1_38' title='bbox 987 740 1114 787; x_wconf 88' lang='lat' dir='ltr'>accurate</span> <span class='ocrx_word' id='word_1_39' title='bbox 1135 730 1163 787; x_wconf 86' lang='lat' dir='ltr'>iu</span> 
     </span>
     <span class='ocr_line' id='line_1_6' title="bbox 141 816 498 875; baseline -0.011 0"><span class='ocrx_word' id='word_1_40' title='bbox 141 824 212 875; x_wconf 80' lang='lat' dir='ltr'>Auo.</span> <span class='ocrx_word' id='word_1_41' title='bbox 234 817 331 873; x_wconf 82' lang='lat' dir='ltr'>Boron.</span> <span class='ocrx_word' id='word_1_42' title='bbox 354 819 385 871; x_wconf 81' lang='lat' dir='ltr'>A.</span> <span class='ocrx_word' id='word_1_43' title='bbox 403 816 431 871; x_wconf 83' lang='lat' dir='ltr'>C.</span> <span class='ocrx_word' id='word_1_44' title='bbox 448 818 498 873; x_wconf 83' lang='lat'>97.</span> 
     </span>
    </p>

    <p class='ocr_par' dir='ltr' id='par_1_4' title="bbox 141 892 1162 1061">
     <span class='ocr_line' id='line_1_7' title="bbox 171 892 1162 977; baseline -0.002 -18"><span class='ocrx_word' id='word_1_45' title='bbox 171 918 172 922; x_wconf 72' lang='grc'>’</span> <span class='ocrx_word' id='word_1_46' title='bbox 229 904 289 959; x_wconf 83' lang='grc'>425</span> <span class='ocrx_word' id='word_1_47' title='bbox 306 919 330 956; x_wconf 86' lang='lat' dir='ltr'>a.</span> <span class='ocrx_word' id='word_1_48' title='bbox 353 893 390 955; x_wconf 39' lang='lat' dir='ltr'>&gt;ot</span> <span class='ocrx_word' id='word_1_49' title='bbox 417 895 451 957; x_wconf 79' lang='grc' dir='ltr'>όὲ</span> <span class='ocrx_word' id='word_1_50' title='bbox 473 892 559 956; x_wconf 78' lang='grc' dir='ltr'><em>ἄλλοι</em></span> <span class='ocrx_word' id='word_1_51' title='bbox 582 893 802 977; x_wconf 80' lang='grc' dir='ltr'><em>εὐαγγελισταί]</em></span> <span class='ocrx_word' id='word_1_52' title='bbox 841 901 906 956; x_wconf 84' lang='lat' dir='ltr'>Vide</span> <span class='ocrx_word' id='word_1_53' title='bbox 928 903 997 973; x_wconf 80' lang='lat' dir='ltr'>Aug.</span> <span class='ocrx_word' id='word_1_54' title='bbox 1021 899 1055 957; x_wconf 90' lang='lat' dir='ltr'>de</span> <span class='ocrx_word' id='word_1_55' title='bbox 1079 899 1162 957; x_wconf 82' lang='lat' dir='ltr'>Cous.</span> 
     </span>
     <span class='ocr_line' id='line_1_8' title="bbox 141 988 353 1061; baseline -0.005 -16"><span class='ocrx_word' id='word_1_56' title='bbox 141 988 240 1061; x_wconf 79' lang='lat' dir='ltr'>Evang.</span> <span class='ocrx_word' id='word_1_57' title='bbox 265 988 353 1052; x_wconf 70' lang='lat' dir='ltr'>nto.</span> 
     </span>
    </p>

    <p class='ocr_par' dir='ltr' id='par_1_5' title="bbox 141 1059 1164 1401">
     <span class='ocr_line' id='line_1_9' title="bbox 207 1059 1162 1148; baseline -0.007 -18"><span class='ocrx_word' id='word_1_58' title='bbox 207 1073 288 1130; x_wconf 55' lang='lat'>2425</span> <span class='ocrx_word' id='word_1_59' title='bbox 305 1089 329 1128; x_wconf 92' lang='lat' dir='ltr'>c.</span> <span class='ocrx_word' id='word_1_60' title='bbox 360 1064 419 1128; x_wconf 71' lang='lat' dir='ltr'>iiico</span> <span class='ocrx_word' id='word_1_61' title='bbox 440 1065 499 1148; x_wconf 78' lang='grc' dir='ltr'><em>γοὶρ</em></span> <span class='ocrx_word' id='word_1_62' title='bbox 522 1064 575 1127; x_wconf 80' lang='grc' dir='ltr'>τόν</span> <span class='ocrx_word' id='word_1_63' title='bbox 594 1063 657 1127; x_wconf 77' lang='grc' dir='ltr'>ἀπὸ</span> <span class='ocrx_word' id='word_1_64' title='bbox 679 1068 810 1144; x_wconf 78' lang='grc' dir='ltr'><strong><em>πολλῶν]</em></strong></span> <span class='ocrx_word' id='word_1_65' title='bbox 847 1069 934 1124; x_wconf 83' lang='lat' dir='ltr'>Malim</span> <span class='ocrx_word' id='word_1_66' title='bbox 957 1071 1000 1146; x_wconf 77' lang='grc' dir='ltr'>τῷ</span> <span class='ocrx_word' id='word_1_67' title='bbox 1023 1059 1162 1146; x_wconf 73' lang='grc' dir='ltr'><em>ἐπεστρέ-</em></span> 
     </span>
     <span class='ocr_line' id='line_1_10' title="bbox 141 1147 1163 1232; baseline -0.004 -18"><span class='ocrx_word' id='word_1_68' title='bbox 141 1167 238 1232; x_wconf 63' lang='lat' dir='ltr'>oraru</span> <span class='ocrx_word' id='word_1_69' title='bbox 252 1166 280 1212; x_wconf 88' lang='lat' dir='ltr'>ct</span> <span class='ocrx_word' id='word_1_70' title='bbox 296 1149 468 1211; x_wconf 76' lang='grc' dir='ltr'><em>ἀναστάντι.</em></span> <span class='ocrx_word' id='word_1_71' title='bbox 499 1156 619 1212; x_wconf 86' lang='lat' dir='ltr'>Vicissim</span> <span class='ocrx_word' id='word_1_72' title='bbox 635 1173 699 1213; x_wconf 90' lang='lat' dir='ltr'>vero</span> <span class='ocrx_word' id='word_1_73' title='bbox 714 1149 768 1212; x_wconf 86' lang='grc' dir='ltr'>τὸν</span> <span class='ocrx_word' id='word_1_74' title='bbox 786 1147 918 1211; x_wconf 74' lang='grc' dir='ltr'><em>ἐλθόντα</em></span> <span class='ocrx_word' id='word_1_75' title='bbox 940 1163 992 1210; x_wconf 86' lang='lat' dir='ltr'>etc.</span> <span class='ocrx_word' id='word_1_76' title='bbox 1024 1164 1055 1210; x_wconf 91' lang='lat' dir='ltr'>ut</span> <span class='ocrx_word' id='word_1_77' title='bbox 1080 1154 1163 1210; x_wconf 84' lang='lat' dir='ltr'>dandi</span> 
     </span>
     <span class='ocr_line' id='line_1_11' title="bbox 141 1240 1164 1315; baseline -0.003 -16"><span class='ocrx_word' id='word_1_78' title='bbox 141 1240 376 1315; x_wconf 81' lang='lat' dir='ltr'>casusApostolo,</span> <span class='ocrx_word' id='word_1_79' title='bbox 399 1241 543 1297; x_wconf 84' lang='lat' dir='ltr'>accusandi</span> <span class='ocrx_word' id='word_1_80' title='bbox 559 1241 665 1296; x_wconf 85' lang='lat' dir='ltr'>Christo</span> <span class='ocrx_word' id='word_1_81' title='bbox 689 1240 831 1304; x_wconf 80' lang='lat' dir='ltr'>tribuatur,</span> <span class='ocrx_word' id='word_1_82' title='bbox 856 1240 928 1313; x_wconf 80' lang='lat' dir='ltr'>quod</span> <span class='ocrx_word' id='word_1_83' title='bbox 951 1257 1001 1295; x_wconf 90' lang='lat' dir='ltr'>nos</span> <span class='ocrx_word' id='word_1_84' title='bbox 1023 1240 1164 1313; x_wconf 86' lang='lat' dir='ltr'>interpre-</span> 
     </span>
     <span class='ocr_line' id='line_1_12' title="bbox 141 1327 394 1401; baseline -0.02 -15"><span class='ocrx_word' id='word_1_85' title='bbox 141 1327 223 1386; x_wconf 83' lang='lat' dir='ltr'>tando</span> <span class='ocrx_word' id='word_1_86' title='bbox 246 1327 394 1401; x_wconf 80' lang='lat' dir='ltr'><strong>sequimur.</strong></span> 
     </span>
    </p>

    <p class='ocr_par' dir='ltr' id='par_1_6' title="bbox 227 1402 1097 1488">
     <span class='ocr_line' id='line_1_13' title="bbox 227 1402 1097 1488; baseline -0.008 -18"><span class='ocrx_word' id='word_1_87' title='bbox 227 1414 288 1469; x_wconf 82' lang='lat'>425</span> <span class='ocrx_word' id='word_1_88' title='bbox 306 1411 330 1466; x_wconf 82' lang='lat' dir='ltr'>o.</span> <span class='ocrx_word' id='word_1_89' title='bbox 362 1404 501 1488; x_wconf 78' lang='grc' dir='ltr'>κηρύξαι]</span> <span class='ocrx_word' id='word_1_90' title='bbox 524 1413 578 1466; x_wconf 82' lang='lat' dir='ltr'>Aut</span> <span class='ocrx_word' id='word_1_91' title='bbox 600 1404 715 1487; x_wconf 75' lang='grc' dir='ltr'><em>κηρύξῃ</em></span> <span class='ocrx_word' id='word_1_92' title='bbox 736 1410 790 1483; x_wconf 82' lang='lat' dir='ltr'>leg.</span> <span class='ocrx_word' id='word_1_93' title='bbox 814 1417 861 1465; x_wconf 85' lang='lat' dir='ltr'>aut</span> <span class='ocrx_word' id='word_1_94' title='bbox 882 1411 936 1465; x_wconf 80' lang='grc' dir='ltr'>τοῦ</span> <span class='ocrx_word' id='word_1_95' title='bbox 959 1402 1097 1486; x_wconf 81' lang='grc' dir='ltr'><em>κηρύξαι.</em></span> 
     </span>
    </p>

    <p class='ocr_par' dir='ltr' id='par_1_7' title="bbox 138 1487 1164 2076">
     <span class='ocr_line' id='line_1_14' title="bbox 227 1487 1163 1567; baseline -0.006 -12"><span class='ocrx_word' id='word_1_96' title='bbox 227 1499 287 1555; x_wconf 80' lang='grc'>427</span> <span class='ocrx_word' id='word_1_97' title='bbox 305 1514 328 1553; x_wconf 94' lang='lat' dir='ltr'>c.</span> <span class='ocrx_word' id='word_1_98' title='bbox 359 1491 409 1551; x_wconf 80' lang='grc' dir='ltr'>καὶ</span> <span class='ocrx_word' id='word_1_99' title='bbox 433 1487 592 1566; x_wconf 72' lang='grc' dir='ltr'><em>Κλεόόεον,</em></span> <span class='ocrx_word' id='word_1_100' title='bbox 618 1489 717 1550; x_wconf 80' lang='grc' dir='ltr'><em>εἴτουν</em></span> <span class='ocrx_word' id='word_1_101' title='bbox 737 1487 945 1567; x_wconf 72' lang='grc' dir='ltr'>Κλεόβουλον]</span> <span class='ocrx_word' id='word_1_102' title='bbox 984 1495 1105 1566; x_wconf 82' lang='lat' dir='ltr'>Ignatius</span> <span class='ocrx_word' id='word_1_103' title='bbox 1129 1494 1163 1550; x_wconf 84' lang='lat' dir='ltr'>ad</span> 
     </span>
     <span class='ocr_line' id='line_1_15' title="bbox 141 1573 1163 1658; baseline -0.003 -21"><span class='ocrx_word' id='word_1_104' title='bbox 141 1581 306 1646; x_wconf 79' lang='lat' dir='ltr'>Trallianos,</span> <span class='ocrx_word' id='word_1_105' title='bbox 331 1574 453 1658; x_wconf 76' lang='grc' dir='ltr'>φεύγετε</span> <span class='ocrx_word' id='word_1_106' title='bbox 476 1575 526 1636; x_wconf 78' lang='grc' dir='ltr'>καὶ</span> <span class='ocrx_word' id='word_1_107' title='bbox 549 1574 588 1636; x_wconf 79' lang='grc' dir='ltr'>τὰ</span> <span class='ocrx_word' id='word_1_108' title='bbox 610 1581 665 1636; x_wconf 80' lang='grc' dir='ltr'>τοῦ</span> <span class='ocrx_word' id='word_1_109' title='bbox 686 1581 820 1656; x_wconf 75' lang='grc' dir='ltr'><em>πονηροῦ</em></span> <span class='ocrx_word' id='word_1_110' title='bbox 843 1573 965 1655; x_wconf 66' lang='grc' dir='ltr'><em>ἔγγονα,</em></span> <span class='ocrx_word' id='word_1_111' title='bbox 998 1573 1163 1648; x_wconf 70' lang='grc' dir='ltr'><em>Θεόδοτον,</em></span> 
     </span>
     <span class='ocr_line' id='line_1_16' title="bbox 141 1657 1164 1741; baseline 0 -20"><span class='ocrx_word' id='word_1_112' title='bbox 141 1662 193 1722; x_wconf 80' lang='grc' dir='ltr'>καὶ</span> <span class='ocrx_word' id='word_1_113' title='bbox 219 1659 419 1737; x_wconf 73' lang='grc' dir='ltr'><em>Κλεόβουλον</em></span> <span class='ocrx_word' id='word_1_114' title='bbox 447 1659 486 1721; x_wconf 80' lang='grc' dir='ltr'>τὰ</span> <span class='ocrx_word' id='word_1_115' title='bbox 514 1667 668 1741; x_wconf 79' lang='grc' dir='ltr'><em>γεννῶντα</em></span> <span class='ocrx_word' id='word_1_116' title='bbox 695 1659 812 1741; x_wconf 83' lang='grc' dir='ltr'><em>καρπόν</em></span> <span class='ocrx_word' id='word_1_117' title='bbox 835 1657 1064 1740; x_wconf 74' lang='grc' dir='ltr'><em>θανατηφόρον.</em></span> <span class='ocrx_word' id='word_1_118' title='bbox 1111 1663 1164 1721; x_wconf 87' lang='lat' dir='ltr'>Ubi</span> 
     </span>
     <span class='ocr_line' id='line_1_17' title="bbox 141 1749 1164 1823; baseline -0.002 -17"><span class='ocrx_word' id='word_1_119' title='bbox 141 1769 197 1807; x_wconf 91' lang='lat' dir='ltr'>non</span> <span class='ocrx_word' id='word_1_120' title='bbox 219 1751 409 1807; x_wconf 87' lang='lat' dir='ltr'>Nicolaitarum</span> <span class='ocrx_word' id='word_1_121' title='bbox 432 1750 594 1823; x_wconf 80' lang='lat' dir='ltr'><strong>propagines</strong></span> <span class='ocrx_word' id='word_1_122' title='bbox 618 1750 685 1806; x_wconf 90' lang='lat' dir='ltr'>istos</span> <span class='ocrx_word' id='word_1_123' title='bbox 708 1751 791 1806; x_wconf 80' lang='lat' dir='ltr'>fuisse</span> <span class='ocrx_word' id='word_1_124' title='bbox 813 1750 907 1814; x_wconf 76' lang='lat' dir='ltr'>docet,</span> <span class='ocrx_word' id='word_1_125' title='bbox 936 1759 967 1804; x_wconf 93' lang='lat' dir='ltr'>ut</span> <span class='ocrx_word' id='word_1_126' title='bbox 989 1758 1031 1804; x_wconf 88' lang='lat' dir='ltr'>cst</span> <span class='ocrx_word' id='word_1_127' title='bbox 1054 1749 1080 1804; x_wconf 89' lang='lat' dir='ltr'>in</span> <span class='ocrx_word' id='word_1_128' title='bbox 1104 1753 1164 1804; x_wconf 81' lang='lat' dir='ltr'>An·</span> 
     </span>
     <span class='ocr_line' id='line_1_18' title="bbox 141 1829 1163 1909; baseline 0 -19"><span class='ocrx_word' id='word_1_129' title='bbox 141 1835 194 1890; x_wconf 89' lang='lat' dir='ltr'>nal.</span> <span class='ocrx_word' id='word_1_130' title='bbox 218 1835 265 1890; x_wconf 83' lang='lat' dir='ltr'>seo</span> <span class='ocrx_word' id='word_1_131' title='bbox 288 1837 343 1890; x_wconf 81' lang='grc' dir='ltr'>τοῦ</span> <span class='ocrx_word' id='word_1_132' title='bbox 365 1837 499 1908; x_wconf 82' lang='grc' dir='ltr'><em>πονηροῦ</em></span> <span class='ocrx_word' id='word_1_133' title='bbox 522 1829 637 1909; x_wconf 71' lang='grc' dir='ltr'><em>ἔγγονα,</em></span> <span class='ocrx_word' id='word_1_134' title='bbox 660 1837 712 1891; x_wconf 87' lang='lat' dir='ltr'>hoc</span> <span class='ocrx_word' id='word_1_135' title='bbox 736 1845 777 1890; x_wconf 90' lang='lat' dir='ltr'>cst</span> <span class='ocrx_word' id='word_1_136' title='bbox 800 1835 942 1890; x_wconf 86' lang='lat' dir='ltr'>Daemonis</span> <span class='ocrx_word' id='word_1_137' title='bbox 965 1835 1064 1889; x_wconf 83' lang='lat' dir='ltr'>foetus.</span> <span class='ocrx_word' id='word_1_138' title='bbox 1107 1834 1163 1890; x_wconf 80' lang='lat' dir='ltr'>tm-</span> 
     </span>
     <span class='ocr_line' id='line_1_19' title="bbox 140 1919 1162 2001; baseline -0.002 -25"><span class='ocrx_word' id='word_1_139' title='bbox 140 1920 232 2001; x_wconf 88' lang='lat' dir='ltr'>posuit</span> <span class='ocrx_word' id='word_1_140' title='bbox 253 1919 395 1975; x_wconf 79' lang='lat' dir='ltr'>Annalium</span> <span class='ocrx_word' id='word_1_141' title='bbox 417 1920 543 1992; x_wconf 82' lang='lat' dir='ltr'>scriptori</span> <span class='ocrx_word' id='word_1_142' title='bbox 563 1920 674 1985; x_wconf 84' lang='lat' dir='ltr'>Latinus</span> <span class='ocrx_word' id='word_1_143' title='bbox 690 1921 837 1994; x_wconf 72' lang='lat' dir='ltr'>interpres,</span> <span class='ocrx_word' id='word_1_144' title='bbox 861 1920 907 1992; x_wconf 90' lang='lat' dir='ltr'>qui</span> <span class='ocrx_word' id='word_1_145' title='bbox 929 1921 966 1974; x_wconf 86' lang='lat' dir='ltr'>ita</span> <span class='ocrx_word' id='word_1_146' title='bbox 988 1919 1091 1974; x_wconf 85' lang='lat' dir='ltr'>reddit:</span> <span class='ocrx_word' id='word_1_147' title='bbox 1115 1920 1162 1991; x_wconf 78' lang='lat' dir='ltr'>fo·</span> 
     </span>
     <span class='ocr_line' id='line_1_20' title="bbox 138 2004 587 2076; baseline 0.002 -18"><span class='ocrx_word' id='word_1_148' title='bbox 138 2004 195 2075; x_wconf 73' lang='lat' dir='ltr'>pite</span> <span class='ocrx_word' id='word_1_149' title='bbox 213 2005 343 2076; x_wconf 81' lang='lat' dir='ltr'>peruersi</span> <span class='ocrx_word' id='word_1_150' title='bbox 364 2004 441 2059; x_wconf 83' lang='lat' dir='ltr'>iltius</span> <span class='ocrx_word' id='word_1_151' title='bbox 463 2011 587 2075; x_wconf 83' lang='lat' dir='ltr'>nepotce.</span> 
     </span>
    </p>

    <p class='ocr_par' dir='ltr' id='par_1_8' title="bbox 134 2081 1162 2841">
     <span class='ocr_line' id='line_1_21' title="bbox 227 2081 1160 2164; baseline -0.002 -18"><span class='ocrx_word' id='word_1_152' title='bbox 227 2090 286 2146; x_wconf 80' lang='lat'>427</span> <span class='ocrx_word' id='word_1_153' title='bbox 304 2089 330 2145; x_wconf 85' lang='lat' dir='ltr'>d.</span> <span class='ocrx_word' id='word_1_154' title='bbox 360 2084 475 2162; x_wconf 82' lang='grc' dir='ltr'><em>Δνγμᾶν</em></span> <span class='ocrx_word' id='word_1_155' title='bbox 497 2083 546 2142; x_wconf 78' lang='lat' dir='ltr'>ani</span> <span class='ocrx_word' id='word_1_156' title='bbox 558 2081 753 2164; x_wconf 69' lang='grc' dir='ltr'><em>Ἑρμογένην]</em></span> <span class='ocrx_word' id='word_1_157' title='bbox 777 2090 966 2145; x_wconf 77' lang='lat' dir='ltr'>Theodorctus</span> <span class='ocrx_word' id='word_1_158' title='bbox 988 2089 1022 2144; x_wconf 87' lang='lat' dir='ltr'>ad</span> <span class='ocrx_word' id='word_1_159' title='bbox 1046 2090 1073 2144; x_wconf 85' lang='lat'>2.</span> <span class='ocrx_word' id='word_1_160' title='bbox 1092 2088 1160 2144; x_wconf 87' lang='lat' dir='ltr'>Tim.</span> 
     </span>
     <span class='ocr_line' id='line_1_22' title="bbox 139 2170 1162 2247; baseline 0 -17"><span class='ocrx_word' id='word_1_161' title='bbox 139 2177 200 2230; x_wconf 82' lang='grc' dir='ltr'>α4</span> <span class='ocrx_word' id='word_1_162' title='bbox 224 2172 339 2243; x_wconf 78' lang='lat' dir='ltr'>eundem</span> <span class='ocrx_word' id='word_1_163' title='bbox 362 2172 436 2231; x_wconf 91' lang='lat' dir='ltr'>illum</span> <span class='ocrx_word' id='word_1_164' title='bbox 451 2170 569 2228; x_wconf 56' lang='lat' dir='ltr'>&#39;Demam</span> <span class='ocrx_word' id='word_1_165' title='bbox 592 2191 652 2228; x_wconf 91' lang='lat' dir='ltr'>esse</span> <span class='ocrx_word' id='word_1_166' title='bbox 674 2183 765 2246; x_wconf 85' lang='lat' dir='ltr'>putat,</span> <span class='ocrx_word' id='word_1_167' title='bbox 800 2175 846 2246; x_wconf 90' lang='lat' dir='ltr'>qui</span> <span class='ocrx_word' id='word_1_168' title='bbox 868 2174 916 2247; x_wconf 84' lang='lat' dir='ltr'>Ep.</span> <span class='ocrx_word' id='word_1_169' title='bbox 940 2175 973 2230; x_wconf 88' lang='lat' dir='ltr'>ad</span> <span class='ocrx_word' id='word_1_170' title='bbox 995 2172 1109 2229; x_wconf 89' lang='lat' dir='ltr'>Philem.</span> <span class='ocrx_word' id='word_1_171' title='bbox 1134 2182 1162 2230; x_wconf 87' lang='lat' dir='ltr'>et</span> 
     </span>
     <span class='ocr_line' id='line_1_23' title="bbox 140 2257 1162 2333; baseline -0.001 -17"><span class='ocrx_word' id='word_1_172' title='bbox 140 2258 281 2316; x_wconf 72' lang='lat' dir='ltr'>Colossi</span> <span class='ocrx_word' id='word_1_173' title='bbox 304 2259 437 2323; x_wconf 82' lang='lat' dir='ltr'>laudatur,</span> <span class='ocrx_word' id='word_1_174' title='bbox 460 2257 561 2333; x_wconf 88' lang='lat' dir='ltr'>quique</span> <span class='ocrx_word' id='word_1_175' title='bbox 585 2258 722 2314; x_wconf 87' lang='lat' dir='ltr'>sacculum</span> <span class='ocrx_word' id='word_1_176' title='bbox 745 2259 868 2333; x_wconf 85' lang='lat' dir='ltr'>diligens,</span> <span class='ocrx_word' id='word_1_177' title='bbox 893 2259 988 2315; x_wconf 90' lang='lat' dir='ltr'>relicto</span> <span class='ocrx_word' id='word_1_178' title='bbox 1003 2258 1087 2314; x_wconf 84' lang='lat' dir='ltr'>Paulo</span> <span class='ocrx_word' id='word_1_179' title='bbox 1104 2258 1162 2315; x_wconf 79' lang='lat' dir='ltr'>dis-</span> 
     </span>
     <span class='ocr_line' id='line_1_24' title="bbox 138 2343 1162 2417; baseline -0.002 -16"><span class='ocrx_word' id='word_1_180' title='bbox 138 2344 230 2401; x_wconf 78' lang='lat' dir='ltr'>cessit.</span> <span class='ocrx_word' id='word_1_181' title='bbox 271 2345 327 2401; x_wconf 84' lang='lat' dir='ltr'>Sed</span> <span class='ocrx_word' id='word_1_182' title='bbox 349 2353 452 2400; x_wconf 90' lang='lat' dir='ltr'>mutato</span> <span class='ocrx_word' id='word_1_183' title='bbox 476 2343 589 2400; x_wconf 88' lang='lat' dir='ltr'>consilio</span> <span class='ocrx_word' id='word_1_184' title='bbox 613 2343 646 2399; x_wconf 80' lang='lat' dir='ltr'>acl</span> <span class='ocrx_word' id='word_1_185' title='bbox 668 2344 780 2399; x_wconf 88' lang='lat' dir='ltr'>Paulum</span> <span class='ocrx_word' id='word_1_186' title='bbox 803 2345 947 2417; x_wconf 78' lang='lat' dir='ltr'>revertisse</span> <span class='ocrx_word' id='word_1_187' title='bbox 969 2343 1077 2417; x_wconf 82' lang='lat' dir='ltr'>quidam</span> <span class='ocrx_word' id='word_1_188' title='bbox 1103 2343 1162 2399; x_wconf 85' lang='lat' dir='ltr'>cxi-</span> 
     </span>
     <span class='ocr_line' id='line_1_25' title="bbox 138 2429 1162 2504; baseline 0 -19"><span class='ocrx_word' id='word_1_189' title='bbox 138 2429 259 2486; x_wconf 88' lang='lat' dir='ltr'>stimant.</span> <span class='ocrx_word' id='word_1_190' title='bbox 302 2430 441 2504; x_wconf 83' lang='lat' dir='ltr'>Chrysost.</span> <span class='ocrx_word' id='word_1_191' title='bbox 464 2445 526 2485; x_wconf 84' lang='lat' dir='ltr'>vcro</span> <span class='ocrx_word' id='word_1_192' title='bbox 550 2436 613 2502; x_wconf 93' lang='lat' dir='ltr'>post</span> <span class='ocrx_word' id='word_1_193' title='bbox 634 2429 811 2486; x_wconf 84' lang='lat' dir='ltr'>honorificam</span> <span class='ocrx_word' id='word_1_194' title='bbox 833 2429 905 2484; x_wconf 86' lang='lat' dir='ltr'>illam</span> <span class='ocrx_word' id='word_1_195' title='bbox 929 2429 961 2485; x_wconf 92' lang='lat' dir='ltr'>de</span> <span class='ocrx_word' id='word_1_196' title='bbox 984 2446 1016 2484; x_wconf 92' lang='lat' dir='ltr'>co</span> <span class='ocrx_word' id='word_1_197' title='bbox 1039 2429 1162 2485; x_wconf 86' lang='lat' dir='ltr'>mentio-</span> 
     </span>
     <span class='ocr_line' id='line_1_26' title="bbox 138 2513 1160 2588; baseline 0.003 -18"><span class='ocrx_word' id='word_1_198' title='bbox 138 2531 200 2570; x_wconf 87' lang='lat' dir='ltr'>nem</span> <span class='ocrx_word' id='word_1_199' title='bbox 224 2532 239 2570; x_wconf 80' lang='grc' dir='ltr'><em>ε</em></span> <span class='ocrx_word' id='word_1_200' title='bbox 261 2513 344 2570; x_wconf 84' lang='grc' dir='ltr'><em>ΡεοΙο</em></span> <span class='ocrx_word' id='word_1_201' title='bbox 367 2515 520 2570; x_wconf 88' lang='lat' dir='ltr'>seiunctum</span> <span class='ocrx_word' id='word_1_202' title='bbox 544 2532 604 2570; x_wconf 88' lang='lat' dir='ltr'>csse</span> <span class='ocrx_word' id='word_1_203' title='bbox 626 2523 718 2588; x_wconf 90' lang='lat' dir='ltr'>putat,</span> <span class='ocrx_word' id='word_1_204' title='bbox 743 2524 774 2571; x_wconf 93' lang='lat' dir='ltr'>ut</span> <span class='ocrx_word' id='word_1_205' title='bbox 796 2515 893 2571; x_wconf 65' lang='lat' dir='ltr'>illaoaii</span> <span class='ocrx_word' id='word_1_206' title='bbox 916 2514 1030 2569; x_wconf 87' lang='lat' dir='ltr'>Philem.</span> <span class='ocrx_word' id='word_1_207' title='bbox 1054 2521 1118 2569; x_wconf 85' lang='lat' dir='ltr'>ante</span> <span class='ocrx_word' id='word_1_208' title='bbox 1141 2514 1160 2573; x_wconf 73' lang='lat'><strong>2</strong></span> 
     </span>
     <span class='ocr_line' id='line_1_27' title="bbox 139 2597 1161 2673; baseline 0.003 -21"><span class='ocrx_word' id='word_1_209' title='bbox 139 2597 172 2652; x_wconf 84' lang='lat' dir='ltr'>ad</span> <span class='ocrx_word' id='word_1_210' title='bbox 194 2598 312 2655; x_wconf 81' lang='lat' dir='ltr'>Timoth.</span> <span class='ocrx_word' id='word_1_211' title='bbox 335 2600 434 2673; x_wconf 81' lang='lat' dir='ltr'>scripta</span> <span class='ocrx_word' id='word_1_212' title='bbox 457 2601 501 2655; x_wconf 89' lang='lat' dir='ltr'>sit.</span> <span class='ocrx_word' id='word_1_213' title='bbox 547 2600 616 2655; x_wconf 80' lang='lat' dir='ltr'>Fieri</span> <span class='ocrx_word' id='word_1_214' title='bbox 639 2609 730 2673; x_wconf 91' lang='lat' dir='ltr'>potcst</span> <span class='ocrx_word' id='word_1_215' title='bbox 758 2601 798 2656; x_wconf 91' lang='lat' dir='ltr'>uti</span> <span class='ocrx_word' id='word_1_216' title='bbox 824 2600 877 2656; x_wconf 91' lang='lat' dir='ltr'>duo</span> <span class='ocrx_word' id='word_1_217' title='bbox 900 2599 1021 2656; x_wconf 88' lang='lat' dir='ltr'>eiusdem</span> <span class='ocrx_word' id='word_1_218' title='bbox 1042 2598 1161 2655; x_wconf 75' lang='lat' dir='ltr'>nominis</span> 
     </span>
     <span class='ocr_line' id='line_1_28' title="bbox 134 2681 1161 2759; baseline 0.001 -20"><span class='ocrx_word' id='word_1_219' title='bbox 134 2681 238 2740; x_wconf 75' lang='lat' dir='ltr'>,Demae</span> <span class='ocrx_word' id='word_1_220' title='bbox 260 2683 369 2738; x_wconf 81' lang='lat' dir='ltr'>fuerint.</span> <span class='ocrx_word' id='word_1_221' title='bbox 400 2685 479 2756; x_wconf 86' lang='lat' dir='ltr'>Apud</span> <span class='ocrx_word' id='word_1_222' title='bbox 501 2685 586 2758; x_wconf 80' lang='lat' dir='ltr'>ignat.</span> <span class='ocrx_word' id='word_1_223' title='bbox 602 2685 651 2758; x_wconf 84' lang='lat' dir='ltr'>up.</span> <span class='ocrx_word' id='word_1_224' title='bbox 668 2686 702 2741; x_wconf 89' lang='lat' dir='ltr'>ad</span> <span class='ocrx_word' id='word_1_225' title='bbox 716 2686 869 2759; x_wconf 77' lang='lat' dir='ltr'>Magnesios</span> <span class='ocrx_word' id='word_1_226' title='bbox 892 2684 1048 2742; x_wconf 83' lang='lat' dir='ltr'>nominatur</span> <span class='ocrx_word' id='word_1_227' title='bbox 1062 2684 1161 2740; x_wconf 83' lang='lat' dir='ltr'>Damas</span> 
     </span>
     <span class='ocr_line' id='line_1_29' title="bbox 139 2765 521 2841; baseline 0.008 -20"><span class='ocrx_word' id='word_1_228' title='bbox 139 2765 340 2838; x_wconf 83' lang='lat' dir='ltr'>Magnesiorum</span> <span class='ocrx_word' id='word_1_229' title='bbox 362 2767 521 2841; x_wconf 83' lang='lat' dir='ltr'>Episcopus.</span> 
     </span>
    </p>

    <p class='ocr_par' dir='ltr' id='par_1_9' title="bbox 99 2845 1163 3608">
     <span class='ocr_line' id='line_1_30' title="bbox 225 2845 1162 2930; baseline 0.002 -22"><span class='ocrx_word' id='word_1_230' title='bbox 225 2852 286 2909; x_wconf 80' lang='lat'>428</span> <span class='ocrx_word' id='word_1_231' title='bbox 303 2869 327 2907; x_wconf 87' lang='lat' dir='ltr'>a.</span> <span class='ocrx_word' id='word_1_232' title='bbox 358 2845 453 2930; x_wconf 74' lang='grc' dir='ltr'><em>εὐθὺς</em></span> <span class='ocrx_word' id='word_1_233' title='bbox 474 2847 508 2908; x_wconf 73' lang='lat' dir='ltr'>ot</span> <span class='ocrx_word' id='word_1_234' title='bbox 528 2847 607 2926; x_wconf 85' lang='grc' dir='ltr'><em>μετὰ</em></span> <span class='ocrx_word' id='word_1_235' title='bbox 629 2847 682 2910; x_wconf 84' lang='grc' dir='ltr'>τόν</span> <span class='ocrx_word' id='word_1_236' title='bbox 702 2851 888 2925; x_wconf 74' lang='grc' dir='ltr'><em>Ματθαῖον]</em></span> <span class='ocrx_word' id='word_1_237' title='bbox 927 2854 964 2908; x_wconf 79' lang='lat' dir='ltr'>Es</span> <span class='ocrx_word' id='word_1_238' title='bbox 987 2871 1067 2926; x_wconf 88' lang='lat' dir='ltr'>prava</span> <span class='ocrx_word' id='word_1_239' title='bbox 1091 2854 1162 2910; x_wconf 85' lang='lat' dir='ltr'>Cor-</span> 
     </span>
     <span class='ocr_line' id='line_1_31' title="bbox 139 2935 1162 3009; baseline 0.004 -18"><span class='ocrx_word' id='word_1_240' title='bbox 139 2935 207 2992; x_wconf 88' lang='lat' dir='ltr'>narii</span> <span class='ocrx_word' id='word_1_241' title='bbox 236 2936 460 3009; x_wconf 81' lang='lat' dir='ltr'>interpretatione</span> <span class='ocrx_word' id='word_1_242' title='bbox 487 2947 534 2993; x_wconf 88' lang='lat' dir='ltr'>aut</span> <span class='ocrx_word' id='word_1_243' title='bbox 555 2937 620 2994; x_wconf 87' lang='lat' dir='ltr'>salsa</span> <span class='ocrx_word' id='word_1_244' title='bbox 643 2947 689 2994; x_wconf 87' lang='lat' dir='ltr'>aut</span> <span class='ocrx_word' id='word_1_245' title='bbox 712 2939 793 2994; x_wconf 80' lang='lat' dir='ltr'>dubia</span> <span class='ocrx_word' id='word_1_246' title='bbox 816 2956 847 2994; x_wconf 82' lang='lat' dir='ltr'>cx</span> <span class='ocrx_word' id='word_1_247' title='bbox 870 2939 911 2993; x_wconf 93' lang='lat' dir='ltr'>his</span> <span class='ocrx_word' id='word_1_248' title='bbox 934 2938 1022 2994; x_wconf 89' lang='lat' dir='ltr'>verbis</span> <span class='ocrx_word' id='word_1_249' title='bbox 1046 2939 1162 2997; x_wconf 83' lang='lat' dir='ltr'>historia</span> 
     </span>
     <span class='ocr_line' id='line_1_32' title="bbox 99 3008 1163 3096; baseline 0.003 -18"><span class='ocrx_word' id='word_1_250' title='bbox 99 3008 422 3094; x_wconf 78' lang='lat' dir='ltr'>&#39;&#39;&#39;&#39;&#39;oolligitur,·iussum</span> <span class='ocrx_word' id='word_1_251' title='bbox 450 3038 465 3077; x_wconf 85' lang='lat' dir='ltr'>a</span> <span class='ocrx_word' id='word_1_252' title='bbox 493 3022 574 3079; x_wconf 83' lang='lat' dir='ltr'>Petro</span> <span class='ocrx_word' id='word_1_253' title='bbox 603 3022 722 3078; x_wconf 85' lang='lat' dir='ltr'>Marcum</span> <span class='ocrx_word' id='word_1_254' title='bbox 750 3023 889 3080; x_wconf 86' lang='lat' dir='ltr'>historiam</span> <span class='ocrx_word' id='word_1_255' title='bbox 918 3024 1070 3096; x_wconf 88' lang='lat' dir='ltr'>scripsisse.</span> <span class='ocrx_word' id='word_1_256' title='bbox 1116 3025 1163 3081; x_wconf 85' lang='lat' dir='ltr'>Sio</span> 
     </span>
     <span class='ocr_line' id='line_1_33' title="bbox 138 3105 1162 3183; baseline 0.004 -21"><span class='ocrx_word' id='word_1_257' title='bbox 138 3107 211 3163; x_wconf 88' lang='lat' dir='ltr'>enim</span> <span class='ocrx_word' id='word_1_258' title='bbox 234 3106 393 3183; x_wconf 85' lang='lat' dir='ltr'>Cornorius:</span> <span class='ocrx_word' id='word_1_259' title='bbox 420 3105 486 3162; x_wconf 87' lang='lat' dir='ltr'>Post</span> <span class='ocrx_word' id='word_1_260' title='bbox 508 3106 671 3163; x_wconf 80' lang='lat' dir='ltr'>Matthaeum</span> <span class='ocrx_word' id='word_1_261' title='bbox 695 3118 805 3164; x_wconf 87' lang='lat' dir='ltr'>secutus</span> <span class='ocrx_word' id='word_1_262' title='bbox 829 3116 871 3163; x_wconf 93' lang='lat' dir='ltr'>est</span> <span class='ocrx_word' id='word_1_263' title='bbox 893 3108 1006 3172; x_wconf 72' lang='lat' dir='ltr'>tianeus,</span> <span class='ocrx_word' id='word_1_264' title='bbox 1030 3109 1122 3165; x_wconf 90' lang='lat' dir='ltr'>iussus</span> <span class='ocrx_word' id='word_1_265' title='bbox 1146 3126 1162 3166; x_wconf 82' lang='lat' dir='ltr'>a</span> 
     </span>
     <span class='ocr_line' id='line_1_34' title="bbox 139 3191 1160 3266; baseline 0.002 -20"><span class='ocrx_word' id='word_1_266' title='bbox 139 3191 167 3247; x_wconf 91' lang='lat' dir='ltr'>S.</span> <span class='ocrx_word' id='word_1_267' title='bbox 183 3191 265 3248; x_wconf 86' lang='lat' dir='ltr'>Petro</span> <span class='ocrx_word' id='word_1_268' title='bbox 281 3193 382 3248; x_wconf 83' lang='lat' dir='ltr'>Romae</span> <span class='ocrx_word' id='word_1_269' title='bbox 396 3191 568 3265; x_wconf 83' lang='lat' dir='ltr'>Evangelium</span> <span class='ocrx_word' id='word_1_270' title='bbox 592 3193 681 3248; x_wconf 86' lang='lat' dir='ltr'>edere.</span> <span class='ocrx_word' id='word_1_271' title='bbox 712 3193 843 3248; x_wconf 86' lang='lat' dir='ltr'>Neutrum</span> <span class='ocrx_word' id='word_1_272' title='bbox 867 3194 964 3248; x_wconf 90' lang='lat' dir='ltr'>horum</span> <span class='ocrx_word' id='word_1_273' title='bbox 981 3194 1045 3249; x_wconf 85' lang='lat' dir='ltr'>dicit</span> <span class='ocrx_word' id='word_1_274' title='bbox 1060 3193 1160 3266; x_wconf 82' lang='lat' dir='ltr'>Epiph.</span> 
     </span>
     <span class='ocr_line' id='line_1_35' title="bbox 139 3277 1160 3350; baseline 0.002 -19"><span class='ocrx_word' id='word_1_275' title='bbox 139 3285 186 3332; x_wconf 90' lang='lat' dir='ltr'>aut</span> <span class='ocrx_word' id='word_1_276' title='bbox 206 3277 280 3334; x_wconf 91' lang='lat' dir='ltr'>Petri</span> <span class='ocrx_word' id='word_1_277' title='bbox 308 3279 399 3339; x_wconf 84' lang='lat' dir='ltr'>iussu.</span> <span class='ocrx_word' id='word_1_278' title='bbox 429 3287 477 3332; x_wconf 88' lang='lat' dir='ltr'>aut</span> <span class='ocrx_word' id='word_1_279' title='bbox 497 3277 598 3333; x_wconf 85' lang='lat' dir='ltr'>Romae</span> <span class='ocrx_word' id='word_1_280' title='bbox 621 3278 763 3350; x_wconf 90' lang='lat' dir='ltr'>scripsisse</span> <span class='ocrx_word' id='word_1_281' title='bbox 785 3278 918 3343; x_wconf 82' lang='lat' dir='ltr'>Marcum,</span> <span class='ocrx_word' id='word_1_282' title='bbox 949 3281 997 3334; x_wconf 76' lang='lat' dir='ltr'>seri</span> <span class='ocrx_word' id='word_1_283' title='bbox 1020 3280 1074 3333; x_wconf 89' lang='lat' dir='ltr'>hoc</span> <span class='ocrx_word' id='word_1_284' title='bbox 1096 3287 1160 3333; x_wconf 86' lang='lat' dir='ltr'>tau-</span> 
     </span>
     <span class='ocr_line' id='line_1_36' title="bbox 138 3355 1161 3440; baseline 0.003 -24"><span class='ocrx_word' id='word_1_285' title='bbox 138 3369 211 3427; x_wconf 88' lang='lat' dir='ltr'>tum,</span> <span class='ocrx_word' id='word_1_286' title='bbox 240 3363 365 3419; x_wconf 90' lang='lat' dir='ltr'>comitem</span> <span class='ocrx_word' id='word_1_287' title='bbox 392 3362 467 3419; x_wconf 88' lang='lat' dir='ltr'>illum</span> <span class='ocrx_word' id='word_1_288' title='bbox 488 3362 589 3419; x_wconf 85' lang='lat' dir='ltr'>Romae</span> <span class='ocrx_word' id='word_1_289' title='bbox 611 3363 694 3419; x_wconf 81' lang='lat' dir='ltr'>fuisse</span> <span class='ocrx_word' id='word_1_290' title='bbox 716 3363 806 3428; x_wconf 87' lang='lat' dir='ltr'>Petri,</span> <span class='ocrx_word' id='word_1_291' title='bbox 836 3373 864 3419; x_wconf 92' lang='lat' dir='ltr'>et</span> <span class='ocrx_word' id='word_1_292' title='bbox 885 3357 1100 3440; x_wconf 68' lang='grc' dir='ltr'>ἐπιτρέπεσθαι</span> <span class='ocrx_word' id='word_1_293' title='bbox 1123 3355 1161 3419; x_wconf 82' lang='grc' dir='ltr'>τό</span> 
     </span>
     <span class='ocr_line' id='line_1_37' title="bbox 138 3436 1163 3523; baseline 0.003 -23"><span class='ocrx_word' id='word_1_294' title='bbox 138 3436 491 3520; x_wconf 65' lang='grc' dir='ltr'><em>εὐαγγέλιονέκθόσθαι.</em></span> <span class='ocrx_word' id='word_1_295' title='bbox 534 3445 716 3521; x_wconf 77' lang='lat' dir='ltr'>Aquonami</span> <span class='ocrx_word' id='word_1_296' title='bbox 745 3449 891 3523; x_wconf 82' lang='lat' dir='ltr'>ASpiritu</span> <span class='ocrx_word' id='word_1_297' title='bbox 913 3448 1025 3504; x_wconf 86' lang='lat' dir='ltr'>Sancto.</span> <span class='ocrx_word' id='word_1_298' title='bbox 1070 3447 1163 3505; x_wconf 80' lang='lat' dir='ltr'>inscio.</span> 
     </span>
     <span class='ocr_line' id='line_1_38' title="bbox 139 3528 1163 3608; baseline 0.002 -23"><span class='ocrx_word' id='word_1_299' title='bbox 139 3528 213 3587; x_wconf 83' lang='lat' dir='ltr'>euim</span> <span class='ocrx_word' id='word_1_300' title='bbox 233 3531 315 3589; x_wconf 87' lang='lat' dir='ltr'>Petro</span> <span class='ocrx_word' id='word_1_301' title='bbox 337 3533 371 3588; x_wconf 83' lang='lat' dir='ltr'>ad</span> <span class='ocrx_word' id='word_1_302' title='bbox 392 3532 565 3590; x_wconf 87' lang='lat' dir='ltr'>scribendum</span> <span class='ocrx_word' id='word_1_303' title='bbox 588 3542 814 3608; x_wconf 76' lang='lat' dir='ltr'>aggressusest,</span> <span class='ocrx_word' id='word_1_304' title='bbox 844 3534 971 3591; x_wconf 85' lang='lat' dir='ltr'>Romanis</span> <span class='ocrx_word' id='word_1_305' title='bbox 994 3535 1019 3589; x_wconf 77' lang='lat' dir='ltr'>ici</span> <span class='ocrx_word' id='word_1_306' title='bbox 1042 3533 1075 3589; x_wconf 87' lang='lat' dir='ltr'>ab</span> <span class='ocrx_word' id='word_1_307' title='bbox 1099 3534 1163 3606; x_wconf 86' lang='lat' dir='ltr'>ipso.</span> 
     </span>
    </p>
   </div>
   <div class='ocr_carea' id='block_1_3' title="bbox 138 3614 1162 3692">
    <p class='ocr_par' dir='ltr' id='par_1_10' title="bbox 138 3614 1162 3692">
     <span class='ocr_line' id='line_1_39' title="bbox 138 3614 1162 3692; baseline 0.007 -24"><span class='ocrx_word' id='word_1_308' title='bbox 138 3614 354 3687; x_wconf 80' lang='lat' dir='ltr'>postulantibus,</span> <span class='ocrx_word' id='word_1_309' title='bbox 384 3626 415 3675; x_wconf 84' lang='lat' dir='ltr'>ut</span> <span class='ocrx_word' id='word_1_310' title='bbox 436 3619 536 3676; x_wconf 86' lang='lat' dir='ltr'>author</span> <span class='ocrx_word' id='word_1_311' title='bbox 556 3628 601 3675; x_wconf 86' lang='lat' dir='ltr'>est</span> <span class='ocrx_word' id='word_1_312' title='bbox 621 3618 733 3677; x_wconf 83' lang='lat' dir='ltr'>Hieron.</span> <span class='ocrx_word' id='word_1_313' title='bbox 755 3618 801 3676; x_wconf 86' lang='lat' dir='ltr'>lib.</span> <span class='ocrx_word' id='word_1_314' title='bbox 824 3619 859 3677; x_wconf 79' lang='lat' dir='ltr'>de</span> <span class='ocrx_word' id='word_1_315' title='bbox 881 3619 981 3692; x_wconf 84' lang='lat' dir='ltr'>Script.</span> <span class='ocrx_word' id='word_1_316' title='bbox 1003 3618 1107 3675; x_wconf 78' lang='lat' dir='ltr'>Eccles.</span> <span class='ocrx_word' id='word_1_317' title='bbox 1131 3625 1162 3675; x_wconf 81' lang='lat' dir='ltr'>et</span> 
     </span>
    </p>
   </div>
   <div class='ocr_carea' id='block_1_4' title="bbox 0 0 1272 4154">
    <p class='ocr_par' dir='ltr' id='par_1_11' title="bbox 0 0 1272 4154">
     <span class='ocr_line' id='line_1_40' title="bbox 0 0 1272 4154; baseline 0 0"><span class='ocrx_word' id='word_1_318' title='bbox 0 0 1272 4154; x_wconf 95' lang='lat' dir='ltr'> </span> 
     </span>
    </p>
   </div>
  </div>
 </body>
</html>
