2534 4154
467 304 757 371 iuiniovrusmuas.
1063 304 1126 372 309

103 495 161 534 non
183 479 329 533 celebrari.
360 478 390 532 ln
412 476 604 533 Mediolanensi
626 476 743 533 Ecclesia
761 476 880 552 quotidie
896 476 1056 533 sacrificium
1073 475 1126 534 ob·

104 562 188 618 latum
211 580 242 618 ex
264 561 406 618 Ambrosio
429 570 545 628 constat,
569 562 615 635 qui
637 561 724 618 Serm.
743 564 781 620 34
805 561 841 618 ita
863 557 999 637 loquitur:
1022 562 1126 620 Moneo

105 649 201 712 etiam,
230 656 260 702 ut
283 648 331 720 qui
350 647 433 703 iunio
454 647 611 704 Ecclesium
633 653 675 702 eat
696 655 722 702 et
742 648 804 703 aine
824 647 913 718 praui
928 647 1124 719 impedimento

101 740 202 805 potest,
226 733 349 804 quotidie
371 733 471 787 audiat
492 731 619 796 Missam,
644 738 671 786 et
692 733 740 804 qui
757 740 864 804 puteat,
888 733 963 786 omni
983 741 1064 788 nocte
1087 735 1126 789 ud

103 818 271 873 matutinum
291 818 396 872 ventat.
426 817 459 873 Et
481 817 561 890 paulo
584 824 661 890 post:
685 816 720 871 In
742 819 960 890 quadrupesimo
981 834 1047 873 uero
1065 834 1125 874 mo-

103 918 157 957 neo
178 910 210 956 ut
231 903 275 956 die
298 903 381 966 omni,
414 911 465 958 out
485 904 594 967 saltem,
617 903 738 967 uldini,
761 901 925 968 Dominicn,
948 903 1076 973 offeratis
1097 910 1125 959 et

104 988 318 1043 communicetis.
358 985 434 1042 Varia
456 987 541 1059 igitur
562 986 706 1042 admodum
727 1003 779 1060 per
799 987 932 1043 Ecclesiae
953 988 1124 1045 consuetudo

103 1072 164 1127 luit.
194 1071 253 1127 Non
275 1072 309 1128 de
331 1072 519 1128 vetustissimis
541 1071 726 1144 temporibus,
751 1073 838 1145 deque
861 1071 1043 1128 Orientalibus
1066 1090 1125 1129 ma-

39 1185 41 1188 >
104 1158 183 1221 xime,
206 1174 276 1231 quae
298 1156 421 1219 diximus,
448 1156 562 1229 intelligi
583 1156 716 1212 volumus.

190 1240 227 1296 Ex
255 1241 300 1296 illo
328 1259 391 1298 vero
419 1250 560 1314 postremo
582 1240 715 1296 Ambrosii
743 1241 803 1296 loco
836 1241 923 1315 liquet
952 1241 1125 1299 salsissimum
1200 1232 1202 1239 ¹

105 1342 174 1390 esse,
199 1327 271 1399 quod
287 1324 434 1382 Haereticis
457 1325 618 1399 quibusdam
640 1325 752 1381 nimium
775 1325 872 1381 stolide
888 1342 1048 1398 persuasum
1064 1344 1125 1383 esse

103 1411 197 1476 video,
227 1427 365 1484 nunquam
387 1412 414 1466 in
437 1420 528 1468 vetere
550 1411 671 1467 Ecclesia
693 1411 799 1466 Elissam
822 1410 939 1465 auditam
962 1428 977 1466 u
999 1409 1125 1468 fidelibus

104 1513 174 1560 esse,
198 1497 262 1568 quin
285 1512 338 1551 una
361 1497 600 1553 communicarent.
632 1495 733 1564 Quoia
750 1495 1124 1568 erroresancstupidissimo

103 1591 227 1636 versatur
256 1581 432 1637 Gasaubonus
461 1581 575 1637 Exercit.
597 1583 631 1637 16
662 1581 695 1637 ad
722 1582 792 1636 Anu.
822 1580 917 1635 Euroo.
941 1597 968 1635 n.
988 1581 1036 1637 58.
1080 1581 1123 1647 Et,

104 1666 177 1740 quod
201 1666 297 1721 mirum
321 1675 371 1731 est,
395 1667 469 1722 bunc
491 1667 579 1739 ipsum
594 1665 731 1722 Ambrosii
752 1665 842 1721 locum
865 1665 938 1730 citat,
962 1681 1013 1720 nec
1028 1656 1126 1722 adver-³
1181 1680 1185 1686 ’

103 1751 137 1806 tit
159 1751 284 1816 eundem,
308 1767 369 1806 cum
392 1750 513 1824 quotidie
535 1750 628 1806 Missas
651 1751 753 1815 audire,
776 1751 803 1805 in
826 1749 1030 1824 quadragesima
1050 1766 1123 1815 vero,
1188 1817 1189 1823 ρ

104 1837 127 1892 si
149 1835 208 1891 fieri
230 1843 331 1909 potest,
355 1836 435 1892 etiam
455 1835 654 1891 communicare
669 1835 769 1899 iubeat,
793 1833 858 1890 satis
872 1834 996 1899 innuere,
1019 1850 1126 1908 nequa-

104 1938 184 1996 quam
208 1920 343 1993 quotidie,
373 1920 487 1976 caeteris
510 1919 605 1975 saltem
627 1928 737 1994 praeter
759 1920 995 1992 Quadragesimam
1018 1919 1123 1986 diebus,

104 2006 331 2062 communicatum
353 2005 445 2061 luisse.
490 2007 568 2078 npud
589 2005 735 2061 Eusebium
758 2005 901 2070 Histor.7‚
919 2007 936 2063 9
960 2006 987 2060 in
1012 2006 1126 2062 bistoriu

104 2090 258 2154 cuiusdam,
282 2090 327 2163 qui
350 2090 383 2146 ab
406 2089 553 2146 Haereticis
576 2090 740 2165 baptismum
763 2098 918 2163 acceperat,
948 2090 984 2146 ita
1007 2090 1123 2164 legitor.

104 2168 299 2275 εὐχαριστίας
324 2168 384 2252 γὰρ
413 2168 627 2232 ἐπακούσαντα
658 2171 708 2231 καὶ
742 2168 983 2278 ρυνεπιφθτγξάρ
984 2190 1063 2229 ανον
1088 2168 1125 2232 τὸ

104 2252 201 2335 αμὴν,
232 2256 282 2315 καὶ
310 2254 443 2338 τραπέζῃ
472 2252 674 2336 παραστάντα
702 2279 751 2315 και
776 2262 885 2334 χεῖρας
906 2255 949 2324 εἷς
967 2250 1146 2332 αποδοχὴν

103 2347 159 2420 τῆς
189 2337 278 2420 ἁγίας
302 2347 422 2422 τροφῆς
448 2340 646 2423 προτείνοντα
668 2353 719 2400 etc.
766 2342 942 2399 Gasaubonus
970 2351 1001 2397 ut
1023 2345 1125 2399 audire

102 2430 219 2485 misaam
241 2430 312 2485 idem
335 2446 395 2485 esse
419 2429 490 2502 quod
513 2430 718 2484 communicare
740 2429 892 2491 confirmet,
919 2428 992 2483 huno
1014 2426 1125 2484 Eusebii

103 2515 195 2572 locum
218 2514 304 2580 affert,
329 2531 383 2587 quo
405 2514 472 2570 nibil
495 2522 537 2570 eet
552 2513 684 2569 alienius.
714 2513 779 2567 Nam
802 2530 834 2569 ex
857 2512 982 2567 eodem
974 2528 1035 2584 ipso
1057 2529 1126 2586 pro-

103 2600 193 2664 batur,
217 2599 352 2655 diversum
375 2617 405 2655 ac
427 2599 583 2655 distinctum
606 2615 667 2654 esse
689 2597 815 2671 quiddam
833 2588 991 2653 ἓπακουαν
1006 2598 1060 2670 τῆς
1073 2590 1125 2652 εὖ·

100 2682 265 2763 χαριστίπς
286 2694 314 2740 et
332 2686 510 2757 participare
531 2684 678 2739 Dominioo
700 2685 822 2754 corpori,
844 2681 965 2755 quamvis
987 2681 1040 2738 duo
1056 2683 1125 2738 baeu

103 2780 162 2826 tum
184 2770 217 2825 ab
240 2769 287 2825 illo
308 2761 438 2842 praestiti
458 2769 569 2825 fuerint.
600 2771 629 2825 ln
648 2768 796 2840 Agatbeusi
816 2782 881 2824 vero
898 2766 1027 2832 Concilio,
1050 2767 1125 2842 quod

104 2870 136 2910 ex
160 2854 286 2910 Gratiano
309 2855 373 2911 citat
395 2853 579 2918 casaubonus,
602 2862 707 2910 tantum
731 2852 823 2918 abest,
848 2862 878 2908 ut
901 2852 1000 2925 aliquid
1022 2852 1055 2908 ad
1074 2866 1125 2908 er-

103 2956 194 2996 rorem
217 2939 291 2995 illum
314 2939 507 2995 sublevandum
531 2939 669 2995 decretum
692 2938 781 3002 luerit,
807 2948 837 2994 ut
852 2937 1016 2993 eontrarium
1032 2937 1124 3010 potius

103 3025 246 3081 manifeste
268 3025 358 3098 colligi
380 3025 476 3098 possit.
507 3024 611 3079 Etenim
628 3023 692 3079 Gan.
707 3026 746 3081 47
763 3024 856 3078 Patres
879 3023 915 3077 ita
937 3020 1122 3094 praecipiunt:

103 3109 210 3167 Missus
232 3111 277 3165 die
291 3109 441 3166 Dominicis
462 3109 661 3165 saecularibus
684 3116 777 3164 tenere
791 3107 912 3179 speciali
925 3107 1025 3160 ordine
1037 3115 1125 3177 pree·-

103 3196 230 3269 oipimue,
252 3195 295 3249 ito
317 3202 348 3249 ut
369 3203 434 3250 onte
457 3195 674 3250 benedictionem
694 3192 849 3248 sucerdotis
869 3191 983 3262 rependi
999 3191 1125 3263 populus

103 3296 161 3335 non
178 3287 354 3353 praesumot.
368 3282 370 3289 '
386 3280 443 3348 Qui
465 3280 491 3334 si
511 3280 638 3352 fecerint,
662 3280 698 3333 ab
713 3277 856 3348 Episcopo
874 3277 989 3348 publice
1006 3275 1124 3347 consun-

104 3367 217 3420 duntur.
261 3364 343 3438 tiqui
365 3364 429 3420 Can.
445 3366 478 3422 18
502 3363 538 3419 ita
561 3364 669 3419 statuit:
693 3361 877 3425 Saeculares,
898 3362 949 3433 qui
969 3361 1001 3415 in
1022 3358 1125 3416 Natali

105 3448 231 3515 Homini,
261 3449 387 3514 Poaelto,
417 3449 578 3504 Pentecoste
600 3464 657 3503 non
679 3445 957 3510 communicaverint,
988 3444 1125 3500 Catholici

103 3551 161 3591 non
189 3536 355 3599 credantur,
383 3551 434 3590 nec
460 3535 535 3588 inter
558 3533 717 3588 Cotltoiicoa
745 3531 913 3586 habeantur.
959 3529 1007 3586 llic
1036 3529 1124 3586 tribus

104 3620 234 3678 duntaxat
261 3617 356 3676 diebos
385 3618 529 3693 quotannis
557 3617 652 3674 fideles
674 3616 707 3675 ud
730 3615 947 3672 communionem
969 3615 1124 3689 compellite
