2534 4154
159 314 220 378 150
609 327 723 378 rennui

155 490 191 543 At
217 486 245 541 iu
267 484 386 557 Epistola
409 483 525 557 Philippi
547 483 722 539 Macedonum
750 483 837 556 regis,
867 499 936 557 quae
958 491 1001 539 est
1021 483 1094 557 apud
1116 482 1172 541 ue-

154 579 236 627 most.
259 564 328 646 napi
349 560 513 646 στεφάνου,
534 569 606 624 Lous
629 586 690 624 oum
712 569 800 624 Attico
823 568 964 623 Boddrom.
987 569 1170 641 componitur,

155 664 187 712 ut
214 655 281 710 alius
309 671 359 726 per
385 653 430 709 illa
452 662 575 726 tempora
596 654 729 709 mensium
752 653 823 726 apud
845 652 1003 709 Macedonas
1026 663 1170 712 contextus

154 740 239 796 fuisse
260 739 390 795 videatur.
421 738 535 813 Deque
558 737 638 794 alias·
675 737 752 794 Nunc
773 737 849 801 illud,
873 738 946 811 quod
967 737 1029 803 dixi,
1052 756 1085 794 en
1107 739 1171 797 uia-

155 832 303 899 gtammate
325 830 446 888 constat,
475 823 661 879 Macedonicos
682 840 790 879 menses
812 839 867 878 uno
890 822 946 878 iere
967 840 1061 879 mense
1084 823 1171 898 Syro-

155 909 334 966 macedonicis
363 909 513 981 anteriores
541 925 611 964 esse.
655 907 721 962 Nam
750 907 898 963 Xanthicus
927 908 1042 982 exempli
1074 925 1172 965 cauam

101 995 402 1068 amSyromacedonum
424 1002 467 1048 est
487 993 585 1066 Aprilis
608 993 742 1058 lulianus,
766 991 954 1048 Macedonicus
975 1009 1039 1049 vero
1061 993 1171 1051 tamcui

155 1096 217 1136 cum
239 1079 351 1134 Lunaris
375 1085 416 1133 est
431 1078 515 1151 Aprili
536 1094 730 1150 nonnunquam
752 1077 924 1150 respondeat,
948 1078 1057 1150 saepius
1079 1086 1170 1135 tamar

153 1165 182 1221 in
203 1163 326 1219 Martium
348 1163 469 1228 incurrit,
492 1163 675 1235 maioremque
698 1162 769 1218 iliius
790 1170 894 1235 partem
917 1171 1041 1236 occupat.
1073 1162 1172 1220 Caeto-

153 1266 214 1306 rum
237 1247 307 1321 apud
329 1247 506 1321 Epiphanium
530 1246 582 1302 hoo
604 1247 631 1302 in
652 1246 714 1303 loco
736 1264 786 1321 pro
802 1239 983 1302 Ἀπελλαίου
1006 1238 1059 1318 ις’,
1084 1247 1171 1304 Scali-

153 1351 204 1409 ger
224 1332 278 1390 l.5
307 1334 340 1388 de
362 1332 501 1387 Emendat.
524 1349 552 1405 p.
571 1331 671 1389 4828.
701 1332 812 1404 corrigit
827 1323 1008 1388 Ἀπελλαίου
1031 1325 1066 1398 ς’.
1113 1333 1171 1402 Qun

153 1419 259 1476 ratione
287 1417 429 1490 Apellaeus
458 1415 645 1472 Macedonicus
673 1415 831 1473 Novembris
853 1417 887 1471 ΙΙΙ
916 1417 1046 1490 coeperit.
1090 1417 1171 1487 Quod

152 1508 282 1561 verumne
304 1503 339 1558 sit
360 1501 462 1557 nescio.

238 1577 317 1644 κατὰ
332 1573 518 1660 manualem
538 1582 801 1662 Μεταγειτνιῶνος
827 1575 958 1660 ἑβδόμη]
1004 1587 1117 1643 Constat
1138 1604 1171 1645 ex

152 1674 195 1738 iis,
218 1689 287 1748 quae
309 1671 390 1744 paulo
413 1679 476 1726 ante
498 1671 633 1743 disputata
655 1679 728 1736 suut,
752 1670 1003 1727 Maemacterionem
1026 1671 1060 1727 ab
1083 1672 1172 1729 Heor-

151 1757 315 1814 tombaeoue
338 1771 397 1811 esse
420 1764 561 1829 quartum,
585 1756 659 1830 quod
681 1764 708 1811 et
730 1756 774 1812 hic
795 1756 872 1812 locus
895 1757 1033 1812 evidenter
1054 1757 1172 1815 demon·

151 1851 230 1898 strat.
260 1841 325 1896 Nam
341 1840 516 1912 Metagitniou
538 1840 676 1913 proximus
698 1849 740 1896 est
762 1840 795 1896 ab
811 1841 1054 1897 Hecatombaeone.
1086 1843 1172 1915 Igitur

150 1925 293 1999 Epiphanii
321 1924 429 1979 saeculo
460 1924 677 1980 Hecatombaeon
706 1924 826 1980 October
857 1936 929 1990 erat,
961 1925 1172 1985 Maemacteriou

149 2010 299 2067 Ianuarius.
328 2008 474 2063 Neomenia
488 2009 718 2064 Maemaoterionis
741 2011 868 2082 congruit
889 2009 947 2065 Kal.
963 2011 1028 2083 ipsis
1043 2011 1169 2068 Ianuarii.

150 2095 217 2152 Nam
239 2095 271 2150 Vl
293 2093 432 2149 Maemact.
456 2093 549 2148 eadem
563 2102 615 2148 est
636 2093 751 2149 ianuarii
771 2094 816 2149 vt.
844 2096 927 2167 Atqui
947 2095 1094 2152 Neomeuia
1112 2096 1171 2154 fle-

150 2180 307 2255 tagitniouis
330 2196 384 2235 non
407 2177 533 2234 convenit
554 2177 612 2233 Kal.
634 2177 700 2234 Non.
737 2178 842 2252 Quippe
864 2180 920 2235 Vnt
942 2180 1007 2236 Nov.
1031 2181 1074 2236 Vll
1098 2180 1172 2239 dun-

150 2276 223 2322 taxat
251 2274 293 2321 est
315 2262 529 2337 Metagitnionis3
558 2262 610 2318 uisi
637 2262 765 2318 mendum
793 2264 830 2321 sit
851 2264 878 2321 in
900 2265 1170 2338 Epiphauiicodicr.

150 2355 173 2408 A
194 2350 313 2408 secunda
334 2349 400 2405 Nov.
423 2348 457 2404 ad
478 2348 599 2404 ultimam
622 2348 685 2404 lieo.
709 2348 766 2404 dies
789 2357 854 2404 sunt
876 2352 925 2415 60,
953 2367 1061 2406 menses
1082 2352 1172 2409 aam-

150 2437 285 2493 niensium
308 2435 371 2492 duo.
401 2432 519 2489 Proinde
541 2450 596 2488 non
611 2433 729 2498 lulianis,
752 2432 801 2488 sed
815 2433 1001 2507 aequabilibus
1018 2444 1046 2492 et
1059 2437 1172 2512 Aegyp-

150 2522 227 2577 tiacis
250 2520 389 2576 mensibus
411 2519 453 2575 usi
475 2527 541 2574 sunt
554 2519 652 2574 Athen.
675 2536 737 2574 cum
758 2518 876 2591 primum
898 2519 980 2574 fixum
1004 2529 1031 2575 et
1045 2519 1172 2579 stabilem

150 2600 252 2662 annum
274 2604 465 2660 adhibuerunt.
495 2604 551 2659 lmo
574 2620 636 2660 vero
658 2603 776 2676 idipsum
791 2604 864 2677 apud
876 2603 937 2659 illos
953 2605 1172 2678 antiquissimum

149 2690 235 2746 tuisse
256 2707 311 2744 uon
333 2689 437 2761 primus
460 2688 594 2761 Scaliger,
624 2697 655 2743 ut
676 2688 823 2761 gloriatur,
846 2688 895 2744 sed
918 2689 987 2745 Gaza
1008 2698 1071 2746 aute
1094 2690 1171 2749 illum

151 2774 244 2830 docuit
265 2771 311 2828 lib.
335 2773 369 2828 de
391 2771 545 2836 mensibus,
568 2771 614 2826 ubi
636 2772 669 2828 de
691 2790 762 2829 anno
784 2773 912 2848 disputat.
953 2774 1059 2830 Etenim
1080 2791 1170 2833 annua

151 2858 262 2931 (inquit)
286 2857 357 2930 apud
379 2856 440 2912 illos
462 2865 520 2911 enat
541 2855 648 2929 duplex,
673 2856 742 2912 alter
762 2858 867 2914 dierum
885 2861 954 2924 360,
978 2859 1055 2915 cuius
1071 2859 1100 2916 in
1115 2860 1171 2919 fluo

149 2942 313 3018 appendices
338 2944 355 2998 5
384 2940 440 2996 dies
463 2939 667 3006 inserebantur,
697 2940 730 2996 ad
752 2958 821 3014 quos
844 2951 942 3018 quarto
965 2960 1075 3017 quoque
1098 2954 1170 3003 anno

148 3031 207 3086 dies
229 3045 300 3083 uuus
323 3023 477 3083 accedebat.
507 3024 582 3080 Alter
604 3025 716 3081 Lauuaris
738 3026 798 3082 suit.
843 3027 873 3083 in
895 3029 986 3100 priore
1008 3029 1095 3084 [orma
1118 3030 1171 3087 tri-

149 3113 251 3181 cenarii
272 3129 380 3167 menses
403 3119 489 3173 erant,
513 3109 545 3164 ad
567 3111 677 3165 modum
692 3112 848 3184 Aegyptiaci
866 3114 938 3179 anni,
962 3114 1073 3169 ultimus
1089 3130 1171 3173 men·

149 3201 188 3257 sis
213 3198 322 3256 5velo
346 3194 441 3253 diebus
464 3193 569 3250 auctior
591 3203 658 3250 erat.
689 3195 760 3251 Haec
776 3196 854 3252 Gaza.
886 3198 964 3266 Quod
987 3208 1079 3254 utrum
1095 3200 1171 3272 pris·

149 3286 188 3342 cis
209 3283 262 3340 illis
285 3279 453 3355 temporibus
476 3297 528 3334 usu
551 3279 675 3352 populari
697 3289 837 3353 receptum
859 3282 949 3347 fuerit,
974 3283 1037 3339 alibi
1055 3282 1171 3343 disseri-

150 3379 205 3425 tur.
235 3369 301 3423 Post
323 3363 453 3423 lulianam
475 3365 584 3438 quidem
607 3363 761 3430 editionem,
785 3376 866 3442 atque
881 3368 1024 3440 Epiphanii
1047 3368 1167 3436 saeculo,

150 3452 283 3510 eiusmodi
311 3469 411 3507 annum
441 3450 612 3506 observatum
633 3450 746 3506 Athenis
769 3451 866 3519 fuisse,
897 3471 928 3509 ex
951 3454 1003 3509 hoc
1026 3453 1170 3527 Epiphauii

149 3538 211 3594 loco
233 3536 330 3593 oouiici
350 3543 451 3610 potest.
482 3535 516 3591 Ut
538 3534 608 3590 euim
623 3535 802 3608 Aegyptiacus
825 3554 911 3594 annus
929 3537 1068 3594 mensibus
1083 3539 1170 3599 trioc-

149 3619 232 3678 uariis
261 3629 405 3689 constans,
434 3637 499 3679 oum
524 3619 656 3683 hacteuus
685 3620 737 3676 diei
759 3621 926 3680 intercalaris
948 3624 1097 3699 omissione¹
1114 3642 1169 3705 per
