2534 4154
484 309 774 361 aninrovensionus.
1098 298 1138 361 43

127 466 327 524 Sadducaeus:
348 480 438 537 aeque
461 481 475 519 e
497 466 650 529 contrario,
674 467 741 538 quia
763 474 845 523 eraut
858 475 952 522 sectae
967 469 1140 541 disparatae,

126 559 150 608 ct
178 552 262 624 quasi
289 551 452 624 oppositae:
480 552 529 606 sed
556 552 766 622 distinquuatur
786 554 860 608 sicut
883 550 1089 609 Grammaticus
1117 560 1143 608 et

123 636 312 693 dialecticus.-
335 637 403 707 quia
425 635 489 690 licet
503 636 584 690 aliud
598 637 635 691 sit
652 634 871 693 Grammaticum
886 654 953 704 esse,
977 640 1058 694 aliud
1072 638 1143 693 Dia-

123 723 266 786 lecticum,
289 727 382 775 tamea
404 720 476 774 idem
494 727 588 791 potest
613 736 673 775 esse
690 719 897 778 Grammaticus
919 731 946 778 et
959 723 1142 779 Dialecticus.
1232 767 1235 773 .

122 806 169 863 Sic
198 807 273 861 euim
304 806 384 860 aliud
412 811 540 869 estesse
573 803 703 860 Scribam
730 822 814 879 quom
843 808 1045 874 Pharisaeum,
1074 809 1142 881 quio

122 891 253 948 Scribam
281 907 355 954 esse,
383 897 424 944 est
452 906 511 944 esse
532 891 687 966 sapientem
709 892 739 946 ia
762 894 835 963 leqe:
864 893 1050 949 Pbarisaeum
1072 911 1140 960 esse,

123 983 184 1032 erut
206 976 311 1031 babere
332 975 445 1029 modam
466 982 570 1030 certum
591 976 711 1040 oioeudi,
735 983 760 1030 et
782 985 893 1033 sectam.
923 978 960 1035 Et
983 986 1075 1034 tamem
1093 996 1142 1034 ac·

123 1063 191 1117 cidit
213 1061 331 1115 cumdem
353 1075 412 1114 esse
433 1059 621 1115 Pharisaeum
649 1067 676 1115 et
697 1061 834 1126 Scribam,
866 1064 897 1118 id
918 1069 959 1119 est
981 1066 1090 1119 doctum
1110 1065 1142 1119 iu

121 1146 203 1218 Lepe.
234 1144 403 1201 blaldonatus
424 1145 464 1199 vir
486 1145 658 1200 doctissimus
681 1147 714 1201 ad
732 1147 786 1202 c.2
803 1146 864 1202 Mat.
888 1147 1004 1204 Scribas
1023 1150 1141 1222 proprie

122 1230 259 1288 Notarius
277 1230 407 1302 publicos
428 1230 518 1299 fuisse
541 1231 633 1294 docet,
664 1245 780 1302 quorum
803 1233 908 1303 duplea
929 1241 992 1289 erat
1013 1234 1139 1304 officium,

122 1317 244 1372 alterum
261 1315 379 1386 publica
400 1315 586 1369 iustrumenta
609 1317 789 1389 conficiendi:
812 1318 931 1371 alterum
950 1335 1049 1373 sacras
1064 1317 1141 1374 Scri·

118 1408 221 1474 pluras
243 1400 457 1471 interpretandi,
481 1406 507 1453 et
530 1416 548 1454 a
571 1402 733 1472 corruptela
753 1403 927 1457 oiudicaadi.
963 1402 1038 1457 Unde
1060 1402 1140 1458 iidem

122 1479 250 1558 νομικοὶ,
275 1493 302 1539 et
317 1475 593 1578 νομοδιδάσκαλοι,
616 1492 643 1539 et
662 1503 722 1562 γρα
736 1489 852 1558 ιματεῖς
866 1486 1044 1560 appellantur.
1076 1487 1141 1559 Epi-

121 1571 237 1644 phanius
268 1585 331 1624 vero
360 1568 387 1623 in
417 1568 542 1662 sequenti
564 1568 674 1624 Haeresi
696 1506 745 1625 blo
730 1562 856 1642 ιοικοὺς
876 1587 891 1626 a
914 1571 1014 1627 Scribis
1037 1571 1141 1627 discer-

121 1670 184 1711 nere
208 1654 329 1721 videtur;
353 1653 390 1708 ait
412 1653 482 1709 enirn
505 1653 665 1709 Pharisaeos
688 1656 780 1711 eadem
804 1672 863 1711 cum
887 1655 987 1713 Scribis
1010 1656 1138 1712 sensisse.

121 1739 334 1817 γραμματεῦσι
358 1731 407 1808 di,
437 1754 532 1813 φη
481 1757 516 1810 ιι
555 1740 619 1804 τοῖς
641 1729 891 1838 ἕρμηνειιομὲνοις
912 1731 1141 1815 νομοὺιὺασκοὶ-

121 1823 196 1891 λοις·
221 1824 358 1917 συνῆσαν
378 1816 439 1900 γὺρ
462 1814 638 1889 αὐτοῖςκαὶ
661 1815 691 1878 οὶ
712 1821 774 1897 Νογ
776 1821 855 1880 ιικοί.
884 1826 958 1882 Ηιιιιο
980 1843 1035 1881 non
1058 1826 1138 1881 modo

121 1909 263 1983 Epiphanii
286 1907 440 1980 opinionem
464 1924 654 1972 esse,veru1n
678 1909 758 1964 ctiam
773 1911 860 1966 Lucae
883 1911 1039 1967 testimonio
1063 1928 1139 1990 com-

121 1993 230 2068 probari
252 1992 366 2048 Drusius
389 1991 537 2047 arbitratur
565 1993 598 2047 dc
629 1992 714 2048 tribus
737 1994 824 2050 Sectis
848 1997 938 2061 213.
984 1996 1048 2051 Nam
1078 2013 1139 2052 cum

123 2078 245 2134 Christus
269 2093 338 2132 eom.
355 2079 395 2133 45
420 2077 529 2133 dixisset
518 2069 621 2132 ῑοὺαὶ
642 2070 716 2151 ὺμῖν
738 2076 768 2134 Γ
766 2098 819 2157 ρα
806 2084 946 2153 μματεΐς,
969 2100 1019 2136 και
1011 2076 1139 2158 Φαρι-

122 2167 201 2220 οαῖοι
225 2153 445 2239 ὺιιοκριταί
434 2150 480 2217 ότι
503 2155 569 2217 ἐστὶ
591 2155 633 2228 αὶς
653 2154 693 2219 τιὶ
715 2168 848 2238 μνημεῖα
869 2160 909 2221 cri
932 2155 1050 2239 ἄδηλα,
1075 2174 1137 2229 eta,

122 2250 210 2305 statim
234 2247 343 2321 quidam
365 2263 428 2302 των
449 2248 582 2319 νομικῶν
603 2249 774 2320 respondeus
796 2251 838 2304 ait
859 2251 916 2313 illi,
941 2251 1021 2318 Haec
1044 2250 1139 2304 diceas

121 2335 203 2389 etiam
226 2333 424 2387 coutumeliam
444 2332 525 2386 uobis
547 2332 629 2403 facis.
660 2333 727 2387 Tum
750 2334 825 2388 lesus
841 2329 890 2388 καὶ
906 2326 981 2406 ὺμΐν
994 2334 1059 2398 τοῖς
1072 2330 1139 2388 Νο-

122 2420 221 2491 μικοΐς
243 2406 329 2472 odai:
353 2417 431 2490 quasi
452 2416 554 2472 diceret
576 2417 774 2490 legisperitus,
799 2435 854 2473 non
877 2418 965 2472 solttrn
981 2416 1088 2473 Scribas
1111 2424 1139 2473 et

122 2503 297 2564 Pharisaeos,
321 2502 369 2556 sed
393 2501 472 2556 etiarn
495 2518 545 2556 nos
568 2495 711 2573 νομικοὺς
732 2501 823 2565 idest
844 2502 1026 2575 Legisperitos
1050 2506 1141 2557 notas.'

121 2587 190 2662 Ergo
220 2586 317 2642 diversi
345 2585 511 2660 aliquantum
541 2581 657 2658 νομικοὶ
686 2585 832 2641 aScribis.
879 2586 999 2660 Scaliger
1025 2604 1089 2643 vero
1111 2588 1139 2643 in
1235 2620 1246 2634 s-

122 2671 240 2728 lilencho
264 2688 288 2726 c.
305 2674 338 2726 11
365 2671 392 2725 in
416 2671 511 2727 eodcrn
533 2670 675 2743 Epiphanii
697 2671 757 2726 loco
774 2670 896 2727 Serrario
920 2681 1078 2746 arroganter
1095 2672 1140 2728 in-

124 2756 225 2813 saltans
250 2748 393 2828 νομικοὺς
416 2756 453 2810 ait
482 2756 601 2828 proprie
621 2756 759 2827 somrulas
780 2757 852 2811 iuris
875 2764 901 2812 et
923 2759 1048 2813 actiones
1070 2758 1140 2828 ciui·

123 2840 159 2896 les
181 2841 319 2904 docuisse,
343 2857 377 2894 ac
398 2840 526 2911 soreusia
547 2841 637 2911 maqis
660 2847 805 2897 tractasse.
851 2841 883 2898 Et
904 2852 1000 2915 postea
1022 2844 1138 2899 eundem

75 2957 79 2961 v
124 2925 272 2982 Serranum
295 2925 455 2997 insequitur,
479 2926 553 3000 quod
568 2925 675 2982 Scribas
696 2926 763 3021 legis
786 2943 847 2983 cum
862 2927 962 2983 Scribis
985 2927 1086 3001 populi,
1111 2934 1139 2982 et

103 3011 246 3067 ·oetuariis
268 3008 383 3083 publicis
406 3009 566 3065 condiderit.
597 3010 655 3066 Ιὶιιο
678 3012 749 3066 enim
771 3010 926 3067 Scribarum
948 3028 1047 3086 genera
1070 3027 1138 3066 con-

123 3096 223 3163 stituit;
252 3096 443 3171 γραμματεῖς
464 3112 518 3150 τοο
543 3085 654 3167 νόμου,
683 3091 733 3150 καὶ
754 3099 945 3172 γραμματεῖς
966 3097 1022 3151 τοὺ
1044 3093 1137 3149 λαοὺς

122 3188 146 3237 ct
174 3181 226 3235 hos
255 3178 422 3252 posteriores
451 3185 556 3235 actores
578 3179 620 3235 vel
643 3181 776 3236 actuarios
797 3180 922 3253 publicos
944 3180 1028 3235 luisse
1049 3186 1136 3251 putat.
1226 3239 1228 3242 Α

120 3263 172 3322 Nos
196 3271 301 3320 attente
323 3263 500 3319 consideratis
522 3263 648 3320 omnibns
670 3282 725 3320 non
748 3263 900 3320 dubitamus
928 3265 994 3338 quin
1020 3257 1137 3335 νομικοὶ

121 3349 200 3406 iidem
224 3350 279 3404 sint
300 3365 361 3404 cum
380 3348 480 3404 Scribis
504 3355 531 3404 et
553 3339 829 3422 νομοὺιὺασκιὶλοις
849 3349 920 3422 apud
945 3347 1136 3420 Evangelistas.

121 3432 185 3490 llam
214 3435 248 3489 de
270 3433 412 3506 Epiphanii
438 3432 499 3489 loco
527 3443 623 3506 postea
651 3433 810 3489 viderimus:
840 3433 961 3506 adeoque
983 3432 1137 3490 foedissime

121 3517 250 3592 Scaliger¹
262 3518 451 3581 hallucinatur,
475 3535 536 3574 cum
558 3512 701 3591 νομικοὺς
722 3517 856 3573 actuarios
871 3517 1000 3590 publicos
1010 3534 1071 3592 esse
1086 3518 1139 3576 do-

120 3613 180 3661 cet:
212 3620 267 3677 quo
296 3602 361 3658 nihil
391 3603 508 3677 ineptius
537 3603 659 3660 excidere
687 3602 785 3676 potuit
830 3602 896 3663 Nam
923 3611 955 3659 ut
976 3603 1064 3660 Lucae
1092 3603 1178 3662 illoto
