2534 4154
182 298 243 360 252
422 256 423 260 Ἴ
636 264 750 358 rernm

179 466 275 530 dictur,
299 464 472 520 embolimum
494 479 616 518 mensem
639 479 693 518 non
711 463 842 527 continet,
866 463 914 518 sed
930 462 1045 518 eundem
1061 465 1195 538 sequitur.

178 551 316 623 Siquidem
343 552 378 607 18
402 566 500 604 aureus
523 565 661 612 numerus,
686 534 767 620 quein
786 546 857 620 Cycli
880 548 1132 605 decemnovennalis
1148 550 1199 605 de·-

178 636 276 691 cimum
299 651 401 690 nonum
424 632 576 699 statuimus,
600 631 686 688 Martii
706 634 742 690 16
765 632 904 705 competit,
928 651 943 688 3
965 651 1018 707 quo
1042 651 1131 689 annus
1156 635 1199 690 in-

177 719 280 792 cipiens
303 718 455 774 necessario
480 718 724 773 tertiumdecimum
746 734 868 772 mensem
890 716 941 772 sibi
963 718 1096 782 vendicat,
1122 718 1199 774 cuius

177 804 322 859 Neomenia
338 803 424 857 Martii
442 805 458 858 5
482 802 591 858 minime
606 801 743 857 Paschalis
767 811 817 865 est,
842 820 873 858 ac
895 802 1008 875 proinde
1023 803 1104 876 primi
1120 821 1202 859 meu-

177 889 214 944 sis
237 896 265 944 ct
286 888 348 942 3ηηί
371 887 515 943 Neomenia
537 887 564 942 in
587 887 718 960 Aprilisd
743 885 916 942 dillundetur.
947 888 986 942 lta
1009 889 1081 942 enim
1105 888 1200 944 existi-

178 973 303 1028 mandum
327 981 382 1028 est:
406 971 603 1027 Embolimaeos
626 988 734 1026 menses
755 972 782 1026 in
806 971 928 1026 Paschali
952 971 1031 1045 Cyclo
1056 989 1200 1037 eos‘esse,

177 1058 224 1131 qui
251 1057 277 1113 in
307 1057 388 1113 linem
411 1057 473 1111 anni
496 1056 611 1112 coniecti
633 1055 805 1111 Neomeniam
829 1057 969 1129 sequentis
992 1057 1055 1112 anni
1070 1057 1200 1131 ,proxime

177 1143 358 1216 praecedunt,
390 1150 421 1197 ut
450 1149 478 1197 et
499 1141 603 1198 Pitatus
632 1142 664 1196 ad
687 1141 758 1195 idem
781 1142 920 1214 negotium
942 1140 1071 1197 observat
1094 1160 1153 1215 cap.
1172 1145 1199 1199 6.

178 1227 335 1303 Quanquam
364 1227 441 1282 aliter
467 1225 538 1299 apud
561 1226 757 1298 Computorum
780 1225 896 1280 artifices
918 1225 1069 1298 dispensari
1091 1243 1199 1282 meuses

176 1310 374 1367 Embolimaeos
404 1311 544 1366 didicimus
574 1327 606 1365 ex
635 1309 705 1364 Beda
733 1327 791 1382 cap.
821 1310 865 1366 illc
890 1313 929 1368 43
960 1311 1006 1366 lib.
1031 1311 1064 1366 de
1094 1311 1200 1368 ratione

177 1404 346 1469 temporum,
370 1413 400 1452 ac
422 1413 471 1467 per
494 1396 581 1450 varios
604 1395 666 1449 anni
689 1394 782 1449 Iuliani
805 1411 912 1457 menses
935 1395 1074 1470 dissipari:
1107 1413 1200 1452 verum

156 1476 202 1537 'in
225 1481 348 1537 Paschali
377 1481 429 1536 hoc
459 1481 585 1536 instituto
616 1477 776 1534 embolimus
805 1480 850 1535 ille
872 1480 973 1535 mensis
996 1480 1094 1553 procul
1117 1480 1199 1538 dubio

176 1566 328 1622 censendus
358 1575 415 1629 est,
446 1565 491 1637 qui
518 1565 635 1638 primum
665 1579 786 1620 mensem
810 1563 884 1637 Cycli
910 1557 1031 1637 ἀμέσως
1053 1567 1199 1622 antecedit.

176 1650 235 1720 Quo
259 1651 366 1723 quidem
390 1658 502 1714 statuto,
526 1650 630 1705 nullum
652 1649 704 1704 iam
719 1649 830 1705 dubium
847 1658 897 1714 est,
921 1649 987 1721 quin
1004 1649 1200 1708 embolimaeo-

175 1753 235 1790 rum
258 1735 342 1790 serics
365 1734 569 1799 eiusmodissit,
593 1735 699 1808 qualem
722 1752 737 1790 a
758 1733 895 1790 veteribus
919 1733 1097 1808 Computistis
1120 1752 1200 1792 acce-

170 1819 281 1892 pimus,
310 1820 338 1874 in
365 1837 418 1892 qua
449 1829 558 1874 octavus
587 1836 689 1883 annus,
719 1836 774 1875 non
797 1837 885 1875 nouus
907 1818 1074 1876 intercalaris
1098 1821 1199 1876 mensis

176 1903 351 1975 appendicem
375 1903 498 1975 excipiat.
543 1904 608 1958 llam
632 1912 660 1959 et
681 1913 827 1976 propterea
852 1904 1144 1960 Enneadecadteridem
1172 1905 1198 1960 in

177 1987 331 2059 Ogdoadem
355 1996 382 2042 ct
404 1987 592 2043 Hendecndem
614 1987 709 2060 partiri
731 1989 830 2053 solent,
855 1989 893 2043 uti
915 1989 986 2044 Beda
1008 1989 1071 2045 lacit
1093 1989 1142 2045 lib.
1166 1991 1198 2047 de

176 2071 281 2127 ratione
305 2081 388 2145 temp.
413 2088 471 2144 cap.
488 2076 527 2128 44
551 2082 579 2127 et
595 2072 714 2144 Ogdoadi
736 2081 792 2128 tres
809 2073 968 2129 embolimos
985 2090 1103 2140 menses,
1129 2076 1199 2130 hen-

125 2156 270 2215 sordenti
299 2164 445 2229 quaternos
475 2156 636 2212 attribuunt.
681 2156 748 2212 Hinc
773 2157 913 2224 diricanus
942 2158 1014 2231 apud
1034 2159 1148 2215 Hieron.
1172 2160 1198 2214 iu

93 2306 96 2312 ¹
176 2244 269 2315 cap9
293 2242 358 2297 lton.
390 2240 509 2307 Gracci,
539 2242 641 2316 inquit,
672 2249 697 2296 et
717 2241 819 2297 ludaei
837 2259 893 2314 per
915 2251 974 2297 octo
998 2260 1090 2298 conos
1115 2245 1198 2300 trium

173 2328 309 2382 meusium
331 2319 537 2400 ἕμβολισμούς
557 2328 676 2400 faciunt.
707 2330 744 2382 dc
767 2325 874 2382 tametsi
897 2328 997 2383 mensis
1021 2328 1130 2402 integer
1142 2342 1197 2384 non

175 2421 269 2468 octavo
292 2429 372 2477 anno,
397 2412 444 2466 scd
466 2429 539 2468 nono
563 2431 594 2468 cn
618 2411 713 2467 diebus
735 2412 851 2467 residuis
874 2421 1030 2486 consurgat,
1057 2413 1198 2470 nihilomi-

175 2513 226 2552 nus
249 2498 322 2568 quod
346 2506 372 2553 et
394 2497 515 2569 proxime
537 2497 651 2553 solidam
673 2497 706 2552 ad
722 2497 862 2570 syzygiam
883 2497 1045 2570 appendices
1062 2497 1125 2554 illae
1140 2498 1196 2554 dies

175 2581 304 2646 accedant
332 2590 359 2637 et
387 2581 460 2654 quod
490 2599 522 2637 ex
550 2583 722 2655 superiorum
756 2599 888 2637 annorum
917 2581 1059 2639 ratiocinio
1089 2598 1198 2656 semper

175 2664 274 2736 aliquid
297 2665 425 2738 supersit,
444 2683 504 2740 'quo
527 2663 649 2723 delectus
668 2666 712 2722 ille
728 2675 931 2740 compensetur,
956 2676 1049 2723 octavo
1065 2685 1137 2725 anno
1153 2668 1197 2724 in-

175 2748 311 2804 tercalaris
335 2750 498 2822 adiungitur.

261 2834 338 2901 Quod
360 2842 450 2889 autem
472 2833 593 2889 noudum
615 2834 686 2891 iusto
710 2835 814 2892 'dierum
836 2853 950 2892 numero
968 2853 1000 2891 ex
1013 2836 1122 2909 Epactis
1139 2836 1197 2893 col-

169 2914 245 2974 lecto
270 2934 463 2990 nonnunquam
487 2917 660 2974 embolismos
685 2921 816 2977 anteverti
838 2938 869 2977 ac
884 2921 1055 2995 praecipitari
1070 2921 1193 2986 diximus,

173 3003 304 3059 illustrari
331 3011 422 3075 potest
452 3020 485 3059 ex
512 3003 611 3058 ludoici
641 3005 712 3078 Cycli
741 3007 931 3079 dispositione,
963 3007 1083 3079 qualem
1101 3007 1195 3062 Glossa

172 3088 275 3162 primae
304 3089 388 3161 partis
410 3088 454 3143 lad
477 3088 508 3143 ll.
532 3088 606 3143 Mose
629 3089 754 3146 Tractatu
777 3091 915 3148 Kiddusclr
943 3092 1117 3147 hachodesch
1146 3093 1195 3148 de-

173 3173 268 3230 scribit
290 3177 374 3245 capl
401 3175 427 3244 ξ.
446 3176 474 3230 2.
504 3173 635 3228 Nimirum
658 3175 771 3248 llpactas
794 3177 856 3231 unni
883 3181 895 3232 1
916 3179 976 3232 et2
999 3177 1027 3230 in
1051 3177 1133 3249 Cyclo
1149 3177 1194 3231 Iu·

67 3247 77 3268 ⁰
174 3259 249 3314 daico
273 3276 334 3314 cum
357 3259 498 3331 Epactis5
522 3260 655 3314 mensium
678 3261 740 3315 anni
764 3261 836 3316 tertii
858 3261 891 3316 ad
910 3262 947 3318 27
973 3260 1029 3316 dies
1053 3262 1193 3325 accedere,

172 3343 289 3416 ideoque
317 3344 349 3398 ad
384 3344 612 3417 complementum
640 3344 776 3400 embolimi
798 3346 898 3402 mensis
920 3346 1039 3401 triduum
1063 3363 1094 3401 ex
1118 3346 1194 3401 annis

173 3428 353 3500 sequentibus
369 3438 464 3484 mutuo
480 3430 573 3502 accipi.
604 3429 702 3484 Postea
719 3447 749 3484 en
768 3431 875 3486 residuo
892 3431 954 3485 3ηηί
971 3433 988 3488 3
1006 3439 1033 3485 et
1049 3449 1081 3500 ex
1097 3440 1193 3504 quarto

172 3528 203 3566 ac
225 3513 320 3586 quinto
342 3531 395 3589 una
418 3532 479 3569 cum
502 3514 641 3569 mensibus
663 3519 679 3570 5
702 3515 765 3569 3ηηί
787 3516 863 3580 sexti,
888 3515 979 3587 colligi
995 3515 1052 3570 dics
1068 3516 1126 3571 lere
1145 3519 1192 3579 33,

172 3597 325 3670 exquibus
348 3606 523 3672 compensato
546 3600 636 3655 triduo
659 3599 714 3663 illo,
738 3601 810 3673 quod
833 3601 1008 3673 anticipatum
1023 3599 1123 3667 suerat,
1148 3618 1193 3657 se-
