2534 4154
467 340 758 392 inlusoruasroum.
1065 328 1128 391 teo

105 498 198 559 litatae
220 498 254 554 ad
275 497 378 571 aliquot
400 496 529 554 duntaxat
551 496 666 562 saecula,
691 497 729 555 sic
751 505 782 552 ut
803 496 911 553 iuterim
934 514 1059 571 suprema
1081 498 1126 556 illa

105 584 242 647 iolicitate,
265 583 318 640 boc
340 591 382 638 est
404 591 515 655 aspectu
538 581 586 639 Dei
608 591 747 647 carerent,
771 599 865 661 verum
888 589 968 638 utet
990 587 1126 656 perpetuo

104 670 133 727 iu
160 677 235 726 terra
262 668 394 741 degerent
416 676 443 723 et
465 684 568 723 summa
592 667 767 723 nibilominus
790 666 842 723 illis
865 682 896 723 ac
917 667 1037 741 perlecta
1058 667 1128 726 bea·

105 755 182 812 litate
204 754 369 809 imereutur.

105 862 128 879 ¹·
193 840 293 896 5580.
324 831 409 894 ἔπεσε
432 830 465 892 δὲ
486 828 684 893 ὀκλάσασα
652 855 685 932 η
708 830 846 935 npdqrq']
878 836 939 893 Cor.
962 831 1101 912 παθητή.

193 924 295 980 stud.
326 917 376 977 καὶ
396 916 448 976 ινο
468 913 566 995 μὴ”
534 938 630 1020 ειπῃς
641 910 686 977 ὅτι
703 937 759 975 ουκ
774 913 834 994 aar]
866 921 970 978 Desunt
984 923 1125 982 nonnulla

102 1010 143 1066 bo
163 1008 235 1064 forte
257 1008 294 1064 ita
317 995 559 1063 rescribendum‘'
543 1024 589 1063 οτι
613 997 658 1065 ἀεὶ
682 999 885 1079 διαλαμβάνει
907 1008 1078 1074 σκοτεινῶς.

192 1095 292 1149 562c.
322 1085 428 1147 λοιπὸν
446 1092 502 1147 τοῦ
523 1085 704 1163 Μεθοδιου]
735 1090 872 1146 Hactenus
887 1090 1011 1148 Procius.
1042 1093 1127 1149 Dein

104 1194 169 1252 caps
187 1176 316 1233 blethodii
336 1185 428 1251 partas
444 1184 517 1239 sunt,
541 1193 587 1251 qur
581 1175 730 1231 adversus
747 1174 890 1249 Origene'in
905 1176 1023 1242 disserit,
1047 1178 1126 1251 cuius

104 1262 285 1337 patrocinium
309 1279 324 1316 a
346 1260 443 1317 Proclo
466 1269 624 1334 susceptum
646 1260 727 1334 paulo
749 1269 813 1333 post
834 1260 943 1317 indicat.
980 1262 1079 1317 Verum
1102 1264 1126 1319 si

104 1347 194 1405 Procli
224 1355 266 1402 est
294 1363 326 1403 ca
354 1345 517 1419 disputatio,
547 1362 617 1418 quae
646 1348 789 1418 acapll
814 1346 846 1401 ad
875 1346 928 1401 boc
950 1362 1038 1419 usque
1060 1363 1128 1419 per·
1181 1412 1183 1416 ³

104 1432 220 1497 texitur,
250 1448 304 1487 nou
333 1431 409 1486 video
438 1429 665 1503 quemadmodum
688 1430 810 1504 Origeuis
839 1446 962 1486 caussam
990 1431 1126 1498 defendat,

105 1532 166 1575 tum
189 1516 248 1572 eius
270 1515 368 1589 dogma
389 1515 549 1571 validissime
572 1515 676 1571 refellat
693 1524 719 1571 et
735 1516 963 1572 resurrectionem
980 1532 1127 1590 corporum

105 1601 230 1658 affirmet.
275 1601 329 1657 Sed
352 1616 441 1673 neque
463 1599 592 1656 llatbodii
615 1616 786 1672 consequens
809 1600 937 1657 refutatio
960 1601 991 1656 ad
1014 1610 1128 1657 autece-

105 1686 215 1744 dcutem
242 1686 332 1742 Procli
361 1701 514 1742 sermonem
544 1676 671 1758 pertinet,
701 1693 729 1740 et
749 1685 945 1758 Aglaopboutis
975 1684 1127 1742 orationem

105 1771 343 1844 convincitquae
364 1770 438 1826 nulla
460 1769 504 1825 hic
527 1778 608 1825 extat.
639 1770 687 1825 llic
710 1770 793 1843 igitur
814 1771 923 1826 haereo.
968 1773 1057 1844 Atque
1078 1778 1127 1827 aut

105 1856 278 1929 transposita,
302 1862 349 1910 aut
371 1855 470 1910 omissa
487 1854 617 1928 pleraque
633 1854 693 1910 istic
708 1855 792 1910 fuisse
807 1854 950 1911 verisimile
966 1865 1017 1912 cst.
1029 1856 1125 1925 'Quae

104 1941 128 1997 si
149 1940 280 1996 lletbodii
301 1939 370 1995 liber
392 1947 505 2004 extaret,
528 1939 645 1995 discerni
668 1939 859 2013 emendarique
881 1949 1004 2013 possent.

193 2028 251 2082 570
269 2042 293 2081 c.
324 2018 445 2081 λέλυται
468 2019 518 2078 καὶ
540 2016 576 2080 τὸ
598 2014 687 2099 εἶναι]
718 2025 857 2099 Expuncta
879 2024 974 2082 vocula
989 2014 1063 2081 εἶναι
1079 2035 1126 2082 ut-

105 2126 213 2183 cunque
235 2109 370 2167 sententia
392 2108 558 2167 cohaerebit.

122 2245 128 2255 .
192 2195 252 2252 572
269 2211 293 2250 c.
324 2183 388 2249 ἀλλ’
414 2186 487 2250 οὐδὲ
508 2186 524 2251 ὃ
548 2187 719 2260 ἀπόστολος
739 2185 934 2265 ὑποτίθεται]
971 2193 1126 2250 lletbodius

103 2279 141 2336 ita
163 2278 197 2336 de
218 2278 342 2352 Apostoli
365 2287 445 2352 raptu
467 2279 565 2343 sentit,
589 2279 669 2335 utin
692 2279 798 2335 coelum
820 2279 918 2351 primo,
942 2286 1000 2334 tum
1022 2276 1049 2333 in
1072 2277 1126 2333 Pa-

104 2364 224 2421 mdisum
247 2373 385 2420 terrenum
408 2363 444 2419 sit
466 2372 584 2427 evectus
580 2362 682 2462 quod
703 2362 815 2418 uberius
838 2362 965 2418 declarat.

192 2449 292 2507 584³.
324 2440 359 2503 οὐ
382 2441 441 2525 γὰρ
464 2440 510 2524 ἐφ’
533 2440 607 2521 ἡμῖν
628 2437 718 2519 ὅλως]
763 2438 904 2502 Praeclara
932 2454 960 2502 et
989 2444 1127 2503 Catholica

103 2532 253 2608 Apostolici
275 2532 347 2589 illius
370 2533 434 2588 dieti
456 2532 600 2596 sententia,
624 2548 704 2605 quam
720 2531 873 2588 Methodius
891 2531 1011 2607 exponit,
1035 2538 1062 2586 et
1077 2529 1127 2585 ad-

103 2635 199 2675 rcrsus
221 2618 369 2675 hodiernae
391 2616 516 2673 Haeresis
537 2616 681 2681 inscitiam,
705 2624 786 2690 atque
808 2614 1009 2688 improbitatem
1029 2614 1127 2672 obser-

103 2702 189 2760 rauda
212 2702 370 2776 diligenter,
399 2702 447 2775 qui
472 2701 718 2774 concupiscentiam
742 2708 860 2774 atquae
883 2718 915 2757 ex
937 2701 1008 2757 illius
1031 2709 1128 2759 conta-

102 2787 186 2883 gione
207 2787 297 2844 invitis
318 2787 398 2843 uobis
421 2785 574 2860 obrepunt,
600 2803 663 2842 vere
686 2800 746 2842 esse
768 2795 879 2860 paccata
901 2786 1048 2843 definiunt:
1072 2776 1127 2859 quo

102 2872 215 2929 nomine
237 2890 292 2928 non
315 2872 367 2928 iam
389 2865 565 2948 καθαροις,
588 2871 636 2927 sed
658 2862 860 2950 ἀκαθάρτους
881 2880 909 2928 et
930 2870 1128 2947 impurissimos
1199 2891 1211 2909 ·

104 2974 134 3015 sc
157 2974 219 3015 csse
241 2957 338 3013 mento
360 2957 534 3030 profitentur

193 3043 252 3099 590
269 3042 295 3097 d.
325 3033 385 3098 υπὸ
407 3043 463 3098 τοῦ
483 3035 658 3115 μακαρίτου
673 3035 854 3113 Medoullon]
884 3039 997 3096 Notabis
1018 3038 1179 3100 Matho-rot

104 3126 179 3184 bum
203 3126 254 3183 alio
277 3127 387 3183 nomine
410 3127 511 3183 dictum
533 3125 688 3181 Eubulium.

193 3213 250 3269 591
270 3228 294 3267 a
324 3205 447 3278 πάντως
467 3228 528 3266 που
551 3205 601 3264 καὶ
624 3202 679 3285 ἔπη
701 3209 850 3280 τοσαῦτα]
882 3200 938 3283 ἔπη
957 3216 1020 3263 sunt
1036 3205 1126 3273 verba,

103 3310 160 3353 non
182 3313 286 3353 versus.

192 3381 296 3439 bald.
328 3374 354 3435 εἰ
380 3372 441 3456 γάρ
462 3373 544 3436 ἐστιν
565 3369 720 3453 ἁληθὲς“
704 3395 720 3433 ο
743 3371 811 3454 περὶ
834 3379 892 3433 σοῦ
915 3367 1035 3461 ἄδετοι]
1080 3375 1129 3432 llic'

103 3464 148 3522 ille
171 3464 249 3522 locus
273 3473 324 3530 est,
349 3482 380 3520 en
404 3481 458 3539 quo
481 3463 605 3520 Rullrnus
625 3462 748 3536 Origonis
772 3435 928 3518 adamatur
932 3470 959 3518 et
981 3460 1014 3517 ab
1030 3460 1130 3517 Hiero.-

104 3566 185 3624 uymo
215 3559 297 3624 atque
331 3548 481 3624 llpipbanio
511 3547 545 3604 ob
574 3549 601 3604 id
629 3548 750 3613 alienus,
783 3546 922 3604 asserebat
949 3546 1129 3620 Epiphanium

104 3634 220 3693 iactasse
244 3638 262 3694 6
292 3634 424 3692 librorum
453 3632 525 3689 milia
559 3633 592 3690 ab
623 3634 740 3709 Origene
774 3632 928 3707 conscripta
962 3649 991 3688 se
1019 3631 1129 3707 legisse.¹

923 3728 977 3781 13*
