2534 4154
140 296 216 384 Ι154
605 307 719 357 remur

153 466 221 523 haec
242 464 332 528 verba,
355 456 527 540 προέλαβον
548 471 600 518 cte.
623 479 679 517 non
701 463 734 518 de
751 461 856 517 ludaeis
872 460 997 518 omnibus
1012 461 1167 536 accipienda

151 551 216 615 sint,
239 551 288 605 sed
310 549 343 605 de
366 548 471 603 Christo
495 555 522 603 et
542 547 688 621 Apostolis,
712 564 743 602 ac
765 546 856 621 siqui
878 556 942 602 sunt
964 547 1016 611 alii,
1040 547 1088 622 qui
1110 564 1169 605 ma-

91 688 94 692 .
153 636 241 692 iorum
264 634 331 690 ritus
354 632 562 689 observaverint.
592 631 658 686 llam
680 632 752 705 qnod
774 632 808 687 ad
829 631 942 688 ludaeos
964 633 1085 705 reliquos
1103 633 1169 690 atti-

65 718 67 722 ‘
152 728 215 785 net,
244 718 346 775 Pascha
376 734 456 773 suum
487 717 514 773 in
535 699 676 790 poslerum
699 717 785 782 diem,
814 717 867 772 hoc
890 723 932 772 est
952 718 1009 772 Xlll
1032 717 1090 774 llal.
1114 734 1169 790 quo

150 821 248 879 passus
279 811 320 860 est
343 803 480 867 Christus,
510 792 582 857 καθ’
604 793 773 877 ὑπέρβασιν
797 801 972 859 traiecerunt.
1016 801 1092 858 Unde
1114 818 1171 858 aron

152 889 246 954 biduo,
268 896 300 944 ut
322 888 374 952 alii,
398 888 446 944 sed
468 904 523 942 uno
540 894 646 943 tanturn
658 886 704 942 die
719 887 860 942 Nicaenam
875 887 931 941 XIV
945 886 1169 961 anticipaverunt,

152 975 216 1048 quia
237 973 342 1029 Iudaica
364 972 459 1029 vitiosa
480 971 532 1036 XV,
555 971 670 1027 Nicaena
691 972 748 1026 ΙΙΙΙΙ
771 971 952 1027 celebrarunt.
990 971 1086 1040 Quare·
1100 972 1172 1029 scri-

137 1059 208 1133 psit
228 1057 410 1131 Epiphanius,
438 1049 693 1133 ὑπερβεβηκότων
721 1048 822 1111 αὐτῶν
841 1051 917 1129 μίαν
936 1048 1068 1134 ἡμέραν,
1097 1057 1173 1131 quod

154 1152 183 1200 et
210 1144 310 1216 repetit
339 1161 362 1199 c.
381 1144 430 1199 27.
475 1142 573 1197 Verum
601 1139 674 1213 quod
702 1140 841 1213 sequitur,
870 1141 936 1196 leria
965 1141 1045 1197 tertia
1067 1142 1172 1199 Pascha

109 1261 111 1266 ·
153 1229 319 1294 comedisse,
343 1226 417 1302 quod
444 1226 510 1282 leria
533 1225 554 1280 V
580 1224 680 1281 lactum
703 1226 837 1297 oportuit,
866 1226 894 1302 in
916 1243 996 1300 quam
1018 1225 1074 1282 XlV
1093 1227 1173 1283 huna

155 1313 274 1380 {ludrica
296 1321 324 1368 et
345 1312 450 1376 vitiosal
474 1319 644 1376 convenerat,
668 1325 764 1384 parum
786 1309 837 1366 sihi
857 1319 982 1367 constare
997 1319 1092 1366 censet
1106 1311 1173 1385 Epi·

154 1398 300 1473 phanium,
329 1397 376 1472 qni
401 1396 510 1471 quidem
539 1396 604 1452 teria
632 1396 714 1451 tertia
742 1395 878 1451 Christum
900 1396 1003 1452 Pascha
1031 1397 1173 1470 peregisse

155 1483 228 1548 velit,
252 1499 314 1538 cum
334 1483 410 1537 Luna
432 1481 458 1537 id
479 1480 535 1536 lllV
556 1480 731 1554 praestiterit.
761 1479 809 1535 Est
831 1481 902 1535 enim
925 1490 1019 1537 contra
1036 1481 1172 1555 Evangelii

154 1568 251 1632 fidem,
276 1566 412 1623 Christum
434 1566 499 1622 leria
522 1568 539 1624 3
562 1565 664 1621 Pascha
688 1564 848 1621 celebrasse.
879 1566 1027 1638 Propterea
1048 1565 1086 1623 ita
1109 1582 1174 1625 cor-
1209 1623 1217 1628 .

154 1652 297 1726 rigentium
320 1651 467 1711 existimat:
492 1650 629 1707 Christum
650 1649 676 1706 id
693 1651 781 1723 egisse
795 1649 862 1706 leria
878 1650 907 1715 V,
930 1650 1004 1724 quod
1019 1652 1175 1724 oportuerit

155 1738 209 1793 Vll.
254 1737 311 1809 Ego
338 1753 401 1791 vero
430 1752 491 1791 cum
520 1735 639 1792 nondum
669 1735 823 1808 suspicarer
843 1734 1021 1808 Epiphanium
1049 1736 1102 1791 alio
1131 1737 1173 1793 die

156 1822 293 1878 Christiun
315 1821 382 1876 velle
405 1837 485 1893 quam
507 1820 574 1876 leria
594 1819 616 1873 V
637 1814 745 1875 Pascha
762 1837 842 1875 sunm
864 1819 979 1885 obiisse,
1006 1821 1083 1878 ‘haec
1103 1836 1173 1894 quae

156 1907 189 1962 dc
205 1905 248 1969 ΙΙΙ,
265 1905 298 1959 lV
320 1907 487 1977 caeterisque
509 1904 586 1961 scriis¹
604 1904 697 1966 iniicit,
721 1904 902 1961 similitudinis
925 1921 1021 1961 caussa
1042 1914 1174 1980 usurpata

79 2031 81 2034 -
155 1989 332 2046 credideram.
362 1989 427 2044 Nam
449 1989 512 2061 quia
533 1990 608 2045 Luna
630 1988 736 2044 ludaica
753 1989 818 2053 XlV,
841 1989 956 2045 Nicaena
977 2006 1041 2046 vero
1057 1991 1104 2046 ΙΙΙΙ
1127 2008 1175 2048 cc-

155 2073 320 2138 lebraverat,
351 2083 382 2128 ut
404 2090 463 2129 eam
486 2073 558 2147 Cycli
579 2073 735 2146 pravitatem
758 2074 843 2130 oeulis
866 2074 1027 2141 subiiceret,
1051 2076 1127 2132 huno
1146 2076 1175 2132 in

156 2159 268 2215 modum
296 2158 431 2214 declarare
460 2158 594 2214 voluisse:
624 2158 737 2230 perinde
765 2158 837 2214 istud
860 2176 920 2216 esse
942 2176 974 2215 ac
995 2159 1019 2215 si
1040 2159 1174 2234 fingamus

156 2244 294 2302 Iudaicum
312 2243 426 2317 ,Cyclum
448 2243 503 2299 vitii
525 2243 592 2299 nihil
613 2242 750 2307 habuisse,
774 2261 922 2319 reveraque
938 2245 1114 2301 Lunam'lllV
1128 2246 1176 2302 lli-

157 2346 268 2387 caenam
291 2329 318 2385 in
340 2328 496 2392 llartiidllX
519 2328 654 2393 incidisse,
678 2345 709 2384 ac
731 2337 788 2384 tum
811 2329 961 2402 cogitemus
979 2329 1118 2386 Christum
1132 2330 1176 2389 bi-

156 2415 211 2473 duo
238 2415 311 2470 illam
333 2422 547 2470 antevertentem
569 2413 624 2470 llVl
646 2412 704 2469 llal.
728 2412 783 2469 sive
805 2413 890 2470 llartii
911 2414 978 2470 llVll
1001 2414 1104 2472 Pascha
1127 2433 1176 2473 co-

156 2500 289 2564 medisse,
312 2499 378 2555 leria
400 2500 443 2564 ΙΙΙ,
466 2499 539 2573 quod
562 2498 626 2554 leria
648 2498 679 2563 V,
703 2499 755 2554 hoc
778 2507 820 2554 est
842 2499 927 2555 llartii
948 2499 1020 2564 ΙΙΙΧ,
1043 2499 1105 2556 fleri
1126 2501 1176 2558 de-

157 2584 246 2642 cebat.
277 2584 342 2638 Tam
364 2600 436 2658 ergo¹
452 2584 547 2640 vitiose
564 2583 660 2657 Cyclus
682 2583 727 2640 ille
749 2584 872 2640 Iudaicus
894 2583 1073 2640 decimonono
1088 2584 1177 2642 blartii

158 2670 260 2725 Lunam
282 2668 338 2723 XlV
360 2668 490 2732 exhibuit,
513 2677 622 2741 tamque
644 2667 782 2724 abnormis
803 2685 818 2723 a
840 2685 903 2724 vero
921 2669 1012 2725 Lunae
1033 2669 1175 2728 ratiocinio

157 2753 208 2809 luit
229 2753 273 2808 illa
295 2751 316 2805 V
337 2742 402 2808 feria
418 2751 504 2808 Martii
519 2752 583 2816 XIX,
607 2769 687 2825 quam
710 2753 789 2809 tertia
811 2770 872 2809 cum
894 2753 989 2827 quinta
1010 2765 1180 2828 comparata,

157 2835 182 2892 si
203 2837 270 2892 haec
292 2836 350 2908 ipsa
372 2837 487 2893 Nicaena
508 2836 613 2892 suisset.
644 2837 765 2910 Denique
788 2846 844 2893 tota
867 2839 933 2894 haee
954 2838 1097 2912 llpiphanii
1120 2841 1178 2897 dis-

158 2921 263 2995 putatio
290 2912 460 2995 ὖποθετικὴ
489 2929 516 2977 et
543 2914 634 2996 λόγου
658 2912 751 2997 χάριν
778 2931 915 2995 assumpta
937 2924 1003 2979 mihi
1025 2923 1176 2983 videbatur.

157 3007 229 3064 Sane
252 3005 345 3079 negari
367 3023 422 3062 non
443 3013 548 3078 potest,
578 3023 657 3078 quam
687 3005 710 3061 si
733 3006 798 3062 teria
823 3006 842 3060 V
863 3008 1016 3064 celebrasse
1039 3008 1177 3068 Christum

157 3092 358 3156 existimaverit,
382 3089 559 3164 probabiliter
581 3091 632 3146 ista
655 3091 786 3147 dicantur.

244 3177 342 3233 Verum
365 3176 429 3232 dum
451 3177 518 3232 hacc
539 3176 670 3232 attentius
693 3185 859 3249 perscrutor,
884 3179 1004 3252 comperi
1020 3179 1097 3236 aliam
1112 3198 1178 3237 seu-

160 3262 271 3319 ctissimi
286 3261 373 3317 Patris
395 3261 550 3335 opinionem
572 3261 656 3317 luisse
679 3268 707 3317 et
729 3261 821 3318 salsam
843 3262 915 3318 illam
938 3265 1056 3336 quidem,
1080 3266 1130 3322 sed
1143 3265 1177 3322 ab

147 3363 193 3404 ‚eo
216 3356 305 3403 tamen
328 3346 471 3420 aliquoties
484 3346 660 3403 inculcatam:
684 3346 811 3403 nimirum
825 3348 938 3404 ludaeos
954 3349 1101 3422 plerosque
1117 3366 1178 3408 eum

162 3431 269 3489 Christo
292 3432 395 3488 Pascha
417 3426 496 3489 suu'm
518 3431 619 3489 obiisse
641 3450 696 3488 non
718 3432 784 3488 leria
800 3433 829 3498 V,
852 3433 908 3489 sive
930 3434 1016 3506 pridie
1038 3434 1099 3492 eius
1114 3435 1176 3501 diei,

93 3523 215 3587 'itaquo
238 3533 335 3589 passus
357 3527 408 3580 est,
433 3517 480 3574 sed
502 3517 567 3573 laria
590 3517 678 3574 tertia.
710 3517 788 3586 Quod
810 3518 898 3591 ipsum
915 3518 1100 3576 disertissimis
1117 3536 1178 3577 ver-

160 3598 202 3656 bis
231 3603 311 3658 docet
338 3601 365 3657 in
393 3602 466 3658 calce
488 3601 593 3658 Panarii
621 3602 719 3666 huius,
748 3603 776 3658 in
797 3603 971 3677 impositione
999 3604 1062 3661 fidei
1085 3622 1109 3662 c.
1128 3607 1176 3664 ΙΙ.
