2534 4154
448 310 739 363 anrnmmasmnas.
1041 297 1103 365 alb

86 467 163 527 rium
187 482 269 522 omne
296 465 433 544 sustulit,
450 466 524 540 quod
546 468 574 524 in
595 469 692 524 harum
713 468 826 525 notione
847 485 941 525 aerum
960 469 1105 543 Apostolus

84 551 240 611 mlituit.

103 666 124 687 .·
174 639 235 695 469
252 652 277 693 a.
307 627 350 692 ἔτι
371 628 486 710 ταύτην
506 630 629 710 τελετὴν
650 630 714 694 κατ’
739 631 816 711 ἴσος]
846 630 949 712 τελετὴ
971 638 1023 696 hec
1044 638 1105 696 loeo

85 720 131 785 rel
159 721 273 778 solenne
294 721 408 784 testum,
437 738 468 776 ac
490 720 676 777 celebritatem
697 723 845 796 significat,
873 723 915 778 vel
936 722 1103 781 sacrificium.

85 806 206 880 Μελ.
228 795 492 882 πολυταλίορταὶ,
514 800 639 876 θυσίαι,
659 802 824 882 μυστήρια.
868 808 938 864 Orus
961 807 1103 865 Thebanus

85 891 163 967 quud
175 890 291 965 lltymol.
313 891 456 948 authorem
474 884 597 958 τελετὰς
610 892 728 964 appellat
742 887 798 959 τὰς
811 887 940 966 μείζους,
963 888 1013 948 καί
1027 887 1105 966 μετά

85 990 169 1042 τινος
195 978 343 1050 μυστικῆς
363 969 563 1051 παραδόσεως
584 966 700 1052 ἑορτάς.
744 978 826 1034 flecte
849 978 932 1051 igitur
953 994 1013 1034 cum
1035 977 1104 1035 Cor·

85 1060 288 1133 misfactum
310 1061 353 1117 hic
376 1060 546 1134 interpretati
569 1078 673 1118 sumus.
705 1063 822 1120 Tametsi
844 1062 877 1119 dc
900 1063 1028 1120 sacrificio
1051 1081 1104 1137 po·

85 1144 191 1205 manus
212 1145 344 1219 accipere,
367 1146 440 1221 qued
463 1145 585 1202 Serrario
606 1156 702 1203 uestro
725 1148 835 1221 placuit,
862 1148 1018 1221 praesertim
1041 1165 1103 1205 cum

85 1228 168 1287 llaer.
186 1232 224 1289 78
248 1230 360 1286 eandem
382 1231 521 1287 historiam
537 1248 649 1286 narrans
665 1228 779 1300 θυσίας
793 1243 880 1289 vocet.
911 1227 942 1288 ἓν
955 1227 1102 1304 Σικίμοις,

85 1307 167 1373 ταῦτ’
192 1308 274 1371 ἔστιν
299 1310 331 1370 lv
358 1317 396 1392 τῇ
418 1309 570 1372 Νεαπόλει
598 1311 713 1384 θυσίας
742 1311 771 1373 οἱ
792 1310 945 1393 ἐπιχώριοι
967 1314 1105 1374 τελοῦσιν

85 1394 130 1469 ἐς
157 1389 256 1473 ὄνομα
282 1394 385 1476 κόρης.
428 1400 506 1469 Qued
534 1418 597 1457 vero
625 1396 742 1475 ταύτην
762 1397 885 1478 τελετὴν
905 1392 1028 1477 ι’ίγσυσιν
1049 1403 1103 1459 hoc

86 1484 148 1543 beo
172 1484 254 1549 dixit,
277 1485 436 1558 simpliciter
456 1496 617 1558 usurpatum
638 1496 722 1559 puto,
746 1504 796 1560 pro
820 1505 853 1544 eo
875 1486 947 1561 quod
968 1494 1010 1542 est
1031 1487 1103 1543 ritus

85 1570 151 1629 illu
173 1571 345 1634 instaurant,
370 1570 412 1627 vel
432 1571 510 1626 sacri
531 1571 608 1626 iuius
629 1573 793 1628 moriam
814 1575 963 1630 celebrant.
1007 1571 1102 1628 Potest

86 1664 116 1713 at
140 1648 241 1732 ταύτῃ
266 1672 317 1728 pre
346 1646 460 1729 ταύτην
488 1655 552 1728 legi.
596 1656 662 1712 Nam
683 1657 718 1713 de
741 1657 866 1715 humanis
887 1656 999 1721 hostiis,
1028 1657 1103 1730 quod

86 1740 241 1814 ”pientur
262 1739 415 1805 Serrarius,
438 1757 532 1796 verum
554 1757 609 1797 non
631 1740 758 1807 arbitrer,
782 1742 938 1816 praesertim
960 1740 1102 1814 Epiphanii

86 1842 167 1890 ιυιο,
190 1823 241 1881 suh
265 1824 422 1881 Christianis
442 1825 627 1899 principibus,
650 1828 697 1900 qui
720 1829 881 1885 execrmdas
902 1826 976 1891 illas,
999 1842 1031 1883 ac
1052 1827 1103 1884 ‹le-

86 1909 225 1969 testabiles
247 1911 415 1967 ceremonias
437 1909 537 1982 ubique
560 1911 770 1984 prohibuerunt.

171 1997 232 2052 469
248 1993 276 2050 b.
307 1986 436 2070 καὶγὰρ
459 1991 509 2049 καὶ
531 1991 617 2072 παρά
639 2016 699 2056 τισι
720 2000 776 2055 τοῦ
798 1989 999 2071 Μελχισεδέκ]
1027 1997 1101 2065 Quae

86 2081 119 2139 da
138 2079 329 2136 llelchisedeci
349 2079 507 2154 parentibus
530 2092 622 2139 narrat
643 2083 816 2157 Epiphanius,
840 2083 964 2140 redolent
977 2082 1102 2156 Apocry·

86 2165 202 2241 phorum
225 2165 338 2233 somnia,
362 2165 514 2222 cuiusmodi
535 2166 618 2224 multa
641 2178 705 2225 sunt
728 2170 828 2226 hocin
850 2185 934 2242 opere
954 2166 1027 2223 bona
1048 2166 1101 2225 lide

86 2266 109 2307 a·
125 2250 297 2307 sanctissimo
326 2251 406 2306 Patre
434 2250 586 2324 descripta,
615 2270 684 2325 quae
713 2254 861 2316 discutere,
890 2262 937 2308 aut
965 2251 1099 2318 refellere,

86 2335 180 2402 aliesi3
204 2344 306 2391 temere
328 2334 408 2392 fidem
431 2334 569 2399 adhihere,
593 2354 688 2410 parum
710 2338 849 2411 prudentis
871 2336 962 2393 luerit.

168 2415 201 2476 ἓν
221 2421 260 2498 τῇ
281 2420 336 2495 τῆς
349 2416 458 2494 Σαβῆς
477 2415 612 2494 πεδιάδι]
642 2421 754 2478 Ubinam
777 2421 845 2478 Sabe
867 2420 911 2476 illa
934 2421 984 2477 sita
1006 2421 1043 2476 sit
1058 2423 1101 2479 di-

86 2503 175 2563 tlnare
196 2515 337 2578 utcunque
359 2505 431 2561 licet.
462 2506 542 2561 losue
559 2507 635 2571 219
658 2507 687 2562 in
709 2507 780 2562 tribu
796 2506 929 2563 Simeonis
951 2522 1102 2566 recensen-

86 2599 131 2649 tur
150 2589 284 2647 Bersabee
306 2599 335 2646 et
356 2589 458 2655 Sabee,
487 2607 558 2665 quae
579 2589 700 2646 eiusdem
722 2591 813 2664 oppidi
834 2591 942 2648 nomina
964 2590 995 2647 R.
1018 2591 1101 2652 lsaiaa

86 2675 226 2733 Ησαίου
248 2692 309 2732 esse
330 2683 438 2749 putant.
468 2674 546 2743 Quod
567 2675 590 2730 si
611 2692 704 2732 verum
726 2684 777 2741 eat,
800 2676 828 2731 in
843 2675 1019 2735 bersabeensi
1034 2697 1100 2755 agre

87 2758 271 2819 ssahisedeci
291 2769 420 2834 parentes
442 2759 630 2817 habitaverint.

92 2868 114 2899 ..ι
168 2847 229 2902 469
246 2862 272 2901 ο.
301 2839 413 2920 Σαλήμ
435 2839 470 2903 δὲ
490 2837 509 2921 ἡ
532 2839 630 2918 πόλις]
670 2846 862 2920 Antiquissima
885 2856 927 2905 est
948 2849 993 2906 illa
1014 2867 1100 2923 quae-

87 2929 151 2995 stio,
182 2939 273 2985 utrum
295 2930 495 3004 Hierosolyma,
518 2948 553 2987 aa
574 2931 735 2989 sicimorum
757 2930 886 3006 oppidulin
908 2933 990 2990 luerit
1011 2935 1151 2999 Salemam

87 3014 271 3073 lalcbisedeci
293 3014 466 3080 domicilium,
485 3016 524 3073 'de
547 3033 600 3089 qua
620 3017 680 3074 vide
702 3035 773 3092 quae
788 3018 929 3075 Perrerius
952 3016 1049 3093 aliique
1066 3019 1100 3076 ad

87 3098 150 3161 ben.
173 3099 312 3172 disputant
334 3109 361 3157 et
382 3100 527 3158 novissime
543 3101 664 3159 Salianus
687 3112 782 3160 uester
802 3103 829 3159 in
844 3101 1002 3159 Annalibus.
1025 3103 1099 3160 mli.

87 3185 177 3245 1118.
209 3184 365 3241 Communis
388 3198 497 3242 cavera
527 3187 661 3244 sententia
691 3196 750 3252 est,
785 3186 970 3260 hierosolyma
998 3186 1098 3259 potius,

87 3274 162 3345 inam
184 3269 346 3327 sicimorum
367 3269 464 3327 urbem
486 3271 569 3328 luisse
592 3272 778 3329 llelchisedeci
801 3272 912 3346 regiam.
954 3271 1034 3340 Quod
1055 3273 1100 3330 isti

87 3353 205 3429 pluribus
227 3353 370 3412 affirmant.

101 3470 111 3511 ¹r
166 3442 227 3499 470
243 3456 268 3495 a.
297 3433 376 3512 μετὰ
396 3433 500 3516 γενεὰς
519 3434 650 3498 δεκαδύο
672 3443 727 3515 τῆς
747 3441 803 3497 τοῦ
816 3435 914 3512 Aaou]
944 3440 1049 3499 atad.
1064 3441 1099 3499 ad

87 3522 171 3585 tatot
197 3524 283 3581 lilium
304 3525 435 3590 hebitob,
468 3526 514 3599 qui
541 3526 592 3583 sub
621 3525 718 3582 havide
746 3541 882 3582 summum
910 3525 1099 3585 Sacerdotium

87 3610 177 3677 tunit,
189 3610 256 3684 λος.
274 3611 303 3675 2,
317 3612 345 3678 8,
357 3614 392 3668 tt
408 3605 505 3687 ysrael
519 3620 586 3668 aunt
603 3613 651 3677 ta,
666 3627 722 3668 non
740 3612 788 3670 12.
818 3609 858 3668 hb
873 3613 981 3671 hamne
993 3628 1051 3671 non
1063 3617 1095 3682 l,
