2534 4154
450 318 741 369 ininiovnnsionns.
1049 304 1109 368 113

173 461 722 550 3246.220t.16.56evttyo‚6
747 466 781 530 δι’
800 463 998 550 μικρότατος]
1027 475 1105 545 Quod

87 560 218 615 minorem
243 576 273 614 se
297 557 421 614 Christus
443 559 589 632 appedat
582 577 609 614 in
632 560 725 633 Regno
749 558 904 626 coelorum,
934 560 968 616 ad
989 569 1105 618 aetatem

86 644 169 700 refert
195 661 257 700 eum
285 643 435 716 Epiphanio
466 643 560 717 Chrys
585 637 768 783 μικρότερος
795 638 875 700 κατὰ
903 638 959 720 τὴν
985 638 1106 721 ἡλικίαν

83 724 134 784 nei
163 722 246 792 κατι).
271 723 327 802 τὴν
353 729 416 784 τῶν
442 726 564 784 πολλῶν
585 722 693 800 δόξαν,
721 738 773 786 etc
818 729 950 786 Necnon
974 731 1102 795 etBeda,

83 814 182 888 aliique
203 813 368 887 complures

170 899 231 956 326
248 915 272 954 a.
302 892 441 964 Μέλιτος
461 917 510 953 κοι
504 893 716 975 Κριθηΐδος]
740 899 774 954 Ht
795 917 825 954 se
847 899 950 957 hahent
966 900 1033 956 haec
1048 902 1102 957 duo

83 984 201 1048 nomine,
224 983 357 1046 locorum,
382 983 575 1056 oppidorumve
598 983 707 1056 proprie
731 1001 791 1039 esse
813 985 945 1040 videntur.
977 985 1032 1040 Sed
1053 986 1104 1042 de·

84 1079 147 1124 sunt
169 1067 425 1142 imprimiseliqua:
451 1077 507 1123 tum
530 1062 677 1142 Μέλητος
697 1068 856 1141 legendum:
882 1078 912 1125 ut
928 1069 1038 1125 Homeri
1053 1088 1103 1143 pa-

83 1171 145 1210 rcns
168 1162 285 1226 uterque
308 1163 551 1218 commemoretur,
575 1153 657 1209 Helos
680 1162 707 1208 et
730 1152 855 1210 Critheis.
900 1154 982 1209 Heles
1004 1154 1102 1212 fluvius

84 1247 133 1304 est,
157 1238 204 1312 qui
227 1237 368 1317 Smyrnam
390 1237 474 1302 alluit,
498 1237 608 1294 Homeri
629 1239 752 1312 petriam
797 1238 894 1294 Strabo
916 1238 935 1294 l.
946 1243 994 1296 14.
1038 1239 1103 1296 Ste-

84 1324 190 1425 phanus
213 1312 363 1398 Μελήτου
391 1316 505 1379 κόλπου
533 1323 668 1388 meminit,
699 1313 732 1390 ὃς
754 1319 930 1418 Σμυρναῖος
957 1318 1102 1396 ἐκαλεῖτο,

84 1401 143 1464 ἀπὸ
166 1401 306 1464 Μελίτοο
328 1409 479 1481 ποταμοῦ.
524 1409 612 1476 Quare
634 1401 780 1481 Μέλητος
808 1409 888 1464 etiarn
910 1425 960 1481 pro
983 1402 1102 1484 Μέλης.

84 1492 213 1550 Herod.
207 1510 234 1547 ιο
250 1493 359 1548 Homeri
380 1493 433 1548 vita
449 1492 614 1550 Critheidem
636 1494 673 1551 ait
688 1493 835 1549 Homerum
858 1511 889 1548 cx
911 1493 1009 1549 furtivo
1033 1511 1103 1550 eon-

83 1577 175 1634 cubitu
199 1577 232 1632 od
247 1577 371 1633 Meletem
393 1577 503 1633 fluvium
524 1582 673 1652 peperisse,
697 1595 728 1634 ec
750 1587 895 1651 propterea
911 1565 1128 1652 Melesigenem'

84 1662 243 1736 appellasse.
287 1662 416 1718 Philostr.
432 1663 464 1717 11.
493 1663 603 1719 leonum
626 1665 653 1719 in
676 1663 787 1728 Helete,
813 1663 975 1720 Critheidem
997 1663 1101 1720 Meletis

82 1765 174 1805 amore
203 1755 307 1820 captam
336 1747 498 1812 introducit,
528 1747 560 1803 ab
591 1766 679 1823 eoque
701 1748 848 1804 Homerum
875 1749 1006 1823 genitum.
1051 1747 1102 1805 Ubi

82 1833 197 1888 Critheis
220 1849 275 1887 non
298 1832 380 1888 fontis
403 1833 493 1898 ullius,
517 1842 548 1889 ut
571 1834 688 1890 Ortelius
711 1834 859 1899 existimet,
890 1834 938 1890 sed
959 1834 1102 1908 ipsiusmet

81 1916 190 1974 Homeri
213 1918 306 1973 matris
329 1934 429 1973 nomen
453 1926 503 1974 cst.
538 1919 601 1975 Vide
624 1919 742 1975 Suidam.

166 2001 270 2060 3261)
302 1992 388 2057 ἄλλοι
411 1996 444 2058 δὲ
466 1997 607 2081 Κύπριον
627 1997 847 2081 προποδιιλιλος]
888 2004 964 2060 Haud
988 2005 1044 2061 scio
1067 2021 1101 2060 en

81 2087 220 2190 proprium
243 2087 279 2142 sit
300 2087 392 2160 oppidi
414 2105 528 2154 nomen,
559 2107 592 2144 en
616 2108 677 2146 curn
700 2108 795 2162 agrum
817 2089 966 2164 significet,
990 2091 1036 2164 qui
1060 2099 1102 2147 est

80 2167 137 2250 πρὸ
160 2165 257 2237 ποδὸς
278 2172 378 2227 montis
400 2172 523 2229 alieuius,

166 2258 268 2314 327ι1.
292 2249 390 2332 Έλεγ.
414 2251 461 2327 ις’,
483 2277 512 2314 τι
508 2252 623 2315 ’δὲ
591 2278 626 2315 το
650 2254 842 2335 e‘yrp66vaae;]
867 2258 928 2314 Cor.
952 2250 1086 2334 ἓγερθέν.

165 2344 267 2400 3320.
297 2337 389 2416 Σχολ.
405 2336 459 2408 κζ.
481 2332 540 2419 πρὸ
564 2345 686 2418 τῆςτοο
672 2336 1015 2417 Χριοτοῦὲνιλημίας]
1038 2343 1098 2399 Νοο

79 2444 159 2500 parva
181 2427 225 2483 hic
248 2427 421 2483 haHuciuatio
446 2436 501 2482 cst:
524 2427 698 2483 hssmnonaei
719 2427 775 2492 filii,
799 2429 852 2482 hoc
872 2436 914 2484 est
929 2427 1100 2484 Macchaheei

42 2505 46 2514 ’
78 2521 140 2584 post
161 2512 326 2569 Antiochum
348 2511 514 2584 Epiphanem
538 2513 707 2585 prodierunt.
738 2512 788 2579 Qui
811 2513 902 2587 coepit
923 2530 994 2568 enno
1014 2513 1100 2572 Grae·

78 2614 171 2653 eorum
200 2600 267 2654 137.
288 2603 312 2654 l.
336 2596 401 2652 Hae.
423 2600 434 2652 l
461 2596 514 2652 hoe
536 2606 579 2652 cst
594 2597 654 2652 Per.
670 2596 719 2652 lul.
737 2599 830 2662 4538,
854 2598 931 2653 annis
954 2607 1016 2654 ante
1038 2599 1100 2655 vul·

78 2698 168 2754 gereni
192 2682 292 2738 Christi
320 2682 435 2738 natalem
463 2685 530 2738 175
574 2681 630 2736 Nisi
652 2681 723 2737 forte
744 2682 908 2738 Antiochum
931 2676 984 2739 τὸν
1004 2677 1101 2759 μέγαν

78 2766 217 2839 intelligat,
241 2768 288 2840 qui
310 2768 401 2839 coepit
423 2766 483 2821 Per.
507 2766 556 2822 lul.
574 2769 666 2825 4490.
698 2766 752 2823 Sed
772 2769 1018 2824 hssemonaeorum
1041 2777 1100 2825 tre·

77 2851 142 2908 ditio
165 2868 180 2906 e
203 2851 386 2907 anchaheeis
408 2851 514 2906 initium
538 2851 642 2908 hahuit.
673 2852 791 2941 Quare
784 2853 853 2909 infra
874 2853 1051 2927 Epiphanis
1044 2854 1099 2909 rni-

76 2936 144 2992 tium
164 2936 288 3008 coeperit
310 2953 423 2992 necesse
445 2944 497 2992 est.

163 3023 264 3078 3350.
295 3016 388 3094 Σχολ.
404 3013 455 3076 λε’.
477 3013 512 3076 οὐ
535 3014 594 3097 γὰρ
616 3009 917 3099 ἡμερινιιὶγιιιονται]
948 3022 1027 3096 Apud
1041 3022 1097 3077 Xe-

75 3106 160 3179 noph.
185 3113 275 3161 temen
296 3097 507 3182 ἡμεροσκόπος
529 3114 580 3161 est.

162 3193 262 3248 3360.
293 3186 385 3263 Σχολ.
408 3183 464 3264 λη’.
495 3182 555 3246 ἀπὸ
585 3192 647 3247 τῶν
676 3183 812 3266 ἀρχαίων
838 3183 877 3246 τὰ
905 3181 1093 3266 ἀντίγραφα]

76 3274 152 3330 Gorr
176 3277 238 3331 τῶν
259 3268 404 3351 ἀρχείων,
428 3293 460 3331 en
482 3275 612 3331 Archivis.
643 3276 762 3347 Ignatius
785 3275 869 3348 Hpist
894 3274 968 3331 διὰ
990 3274 1094 3332 Philud

73 3350 193 3433 ἥκουσα
221 3353 286 3460 γάρ
307 3377 398 3415 τινοιν
424 3350 615 3435 teydnofl
599 3375 645 3416 οτι
674 3353 726 3416 ἐὰν
746 3353 790 3434 μὴ
822 3354 853 3415 ἓν
836 3361 944 3426 ντοῖς
965 3350 1097 3435 ἀρχείοις

75 3434 155 3522 εὕρω
177 3446 233 3501 τοῦ
255 3437 439 3520 εὐαγγελίου,
462 3438 498 3500 οὐ
520 3437 661 3501 πιστεύω.

161 3533 263 3589 341ο.
294 3525 387 3604 Σχολ.
409 3522 464 3595 ις’.
490 3525 559 3608 περὶ
586 3530 641 3604 τῆς
666 3520 780 3602 βάτου]
817 3527 894 3602 hpud
917 3528 1016 3585 Lucem
1039 3529 1093 3604 leg

75 3607 121 3670 εἰιι
144 3616 199 3692 τῆς
222 3607 332 3689 βάτου.

125 3709 270 3766 Epiphanius.
296 3708 320 3754 V.
928 3711 944 3764 8
