2534 4154
473 359 763 410 aurunnvnnsrouns
1064 346 1125 428 ‚²⁷⁷

113 513 165 569 Sed
190 520 273 568 totam
289 512 372 585 ipsam
389 510 530 568 historiam
545 530 615 586 nego
628 522 772 586 propteroa
784 511 957 568 damnandam
970 530 1039 570 esso.
1062 515 1127 570 Nam

112 597 242 672 pleraque
264 596 291 652 in
314 595 357 651 illa
380 613 441 652 vera
463 606 542 661 sunt,
569 606 615 653 aut
637 599 706 653 veris
729 605 803 653 certe
825 596 972 661 simillima,
996 599 1126 673 quaedam
1213 631 1215 634 v

111 681 291 747 subabsurda,
315 681 473 754 praesertim
493 698 561 757 quae
576 681 609 738 ab
625 683 682 738 aliis
695 677 785 737 'addita
802 681 919 737 luerunt.
949 682 1021 751 Quae
1037 691 1126 740 autem
1163 748 1165 752 Α

111 775 290 841 opponuntur
317 782 331 821 a
354 764 491 839 Scaligcro
521 783 575 822 non
599 784 725 840 magnum
747 775 914 823 momentum
936 768 968 823 ad
990 767 1060 824 illius
1082 769 1126 823 in-

112 851 279 925 iungendam
302 851 492 906 authoritatem
514 849 638 907 allorunt.
674 851 793 906 Primum
814 850 880 907 illud
903 860 946 908 est
965 852 998 909 de
1020 852 1124 909 Sanctis

112 936 289 1001 Sanctorum,
321 952 389 1009 quae
418 935 489 1008 apud
519 935 707 1008 hegesippum.
728 935 914 992 tantummodo
946 945 1010 992 sunt
1044 925 1122 1012 ἅγια.

110 1013 212 1099 τούτῳ
232 1013 327 1098 μόνῳ,
348 1018 444 1095 inquit,
468 1013 538 1094 ἐξῆν
559 1015 601 1086 εἰς
622 1011 661 1076 τὰ
683 1009 754 1096 ἅγια
775 1013 905 1077 εἰσιέναι.
932 1020 1057 1088 Licebat,
1080 1021 1123 1077 in-

110 1106 180 1182 quit,
201 1106 247 1162 itta·
267 1107 322 1162 solt
343 1105 374 1159 ιἰι
394 1112 495 1159 saneta
516 1105 634 1175 inpacati,
658 1122 713 1160 non
736 1104 828 1178 utique
844 1103 940 1161 Sancta
958 1115 1121 1171 sanctorum,
1218 1126 1222 1133 ·

110 1191 167 1247 sive
189 1207 284 1246 arcana
306 1189 350 1245 illa
372 1188 561 1263 sanctioraque
582 1189 738 1263 penetralia,
772 1206 841 1264 quae
863 1189 912 1244 soli
930 1189 1055 1247 Pontifici
1076 1209 1122 1247 se-

110 1274 164 1332 mel
187 1274 331 1348 quotannis
354 1272 495 1347 patebant,
523 1273 571 1330 sed
597 1291 666 1347 quae
688 1282 780 1330 sancta
802 1273 959 1348 simpliciter
979 1275 1122 1331 nominan-

111 1369 170 1424 tur,
200 1359 227 1415 in
256 1357 355 1432 quihus
385 1374 476 1415 mensa
499 1366 526 1414 et
548 1376 631 1432 panes
653 1359 801 1432 propositi,
831 1376 861 1414 ac
884 1357 1073 1416 candelabrum
1095 1367 1122 1414 et

109 1444 194 1501 altare
217 1442 339 1500 suffitus:
363 1459 442 1516 quem
464 1444 492 1498 in
514 1443 603 1499 locum
626 1443 786 1500 Sacerdotes
808 1443 928 1517 quotidie
949 1443 1052 1517 ingredi
1074 1460 1122 1499 so-

108 1528 211 1586 lebant.
256 1527 314 1583 lluc
342 1527 425 1601 igitur
452 1527 475 1583 si
497 1527 610 1584 lacobus
636 1528 767 1584 admissus
797 1536 853 1593 est,
882 1528 929 1601 qui
949 1546 1000 1584 nec
1022 1527 1119 1592 Levita,

109 1614 209 1671 nedum
232 1613 357 1669 sacerdos
380 1620 461 1677 osset,
485 1611 627 1686 singularis
649 1613 737 1669 honor
759 1622 801 1669 est
823 1613 957 1669 sanctitati
978 1612 1048 1668 illius
1071 1612 1122 1667 ha-

109 1699 192 1756 bitus.
236 1697 302 1753 dum
325 1706 415 1754 autem
431 1697 528 1752 lactum
552 1714 611 1753 esse
633 1706 687 1752 tam
710 1698 807 1753 vetusti
829 1705 970 1770 etgraves
992 1697 1121 1755 authores

108 1791 240 1848 asserant,
264 1799 313 1839 cnr
334 1782 433 1839 lactum
456 1781 490 1836 sit
512 1782 671 1847 mirandum,
705 1781 745 1838 vel
768 1782 950 1854 quaerendum
972 1781 1056 1855 magis
1080 1791 1122 1838 est

107 1886 190 1943 quarn
218 1867 250 1923 de
277 1866 569 1964 praestantissimorum
600 1867 717 1923 virorum
745 1867 909 1924 authoritate
936 1866 1120 1924 dubitandum.

108 1957 146 2010 hc
174 1970 236 2009 cum
266 1940 481 2025 Hegesippus“
462 1969 534 2026 αγια
561 1952 617 2007 sola
646 1961 898 2016 commemorasset,
934 1952 1033 2008 caeteri
1060 1952 1122 2009 τιῖιν

108 2031 204 2114 ἆγιάιν
224 2036 400 2104 addiderunt;
425 2043 454 2091 ut
476 2036 641 2110 Epiphanius
663 2038 715 2093 hoc
737 2036 797 2093 loco
820 2046 848 2094 et
869 2037 1040 2093 doctissimus
1057 2037 1122 2092 llio-

108 2139 238 2196 ronymus
261 2124 287 2177 in
305 2120 440 2196 Catalogo.
472 2121 525 2178 Sed
543 2115 581 2178 τοὶ
597 2111 669 2197 ἅγια
683 2122 745 2178 τῶν
758 2113 851 2197 ἁγιίον
865 2139 946 2195 saepe
961 2139 1010 2194 pro
1026 2113 1121 2195 ἁγιοις

109 2218 137 2265 ct
158 2207 285 2265 exteriori
307 2205 403 2270 domo,
432 2207 484 2261 hoo
513 2214 554 2262 est
575 2203 655 2268 bart
679 2216 859 2279 usurpantur,
888 2223 938 2263 nec
961 2205 1048 2261 solum
1072 2221 1120 2277 pro

108 2305 201 2357 ἰ’τιπ,
230 2292 285 2348 sive
313 2290 412 2346 intimis
441 2290 535 2363 adytis
580 2291 624 2346 Sic
652 2289 723 2363 apud
750 2290 927 2364 Epiphaniam
953 2288 1000 2345 lib.
1024 2287 1056 2344 de
1083 2290 1119 2346 12

108 2377 237 2481 qemmis,
266 2394 325 2449 cap.
355 2374 388 2430 de
409 2373 571 2430 Adamante:
602 2376 711 2431 τοῦτον
740 2366 773 2429 da
794 2366 896 2452 ἐφόρει
919 2363 1121 2473 ὃἈρχιιριιλς

107 2452 158 2520 ὅτι
186 2453 339 2566 ιῖσιρρχιιο
367 2453 410 2524 εις
430 2452 469 2516 τὰ
491 2448 562 2535 ἅμα
584 2459 645 2514 τῶν
665 2449 773 2534 ἄνι’·αιν
803 2453 867 2536 τρὶς
889 2451 923 2514 da*
943 2457 999 2513 τοῦ
1020 2451 1120 2513 ἐνιαυ-

107 2548 164 2604 τοῦ
185 2537 349 2623 ιισήρχιτο,
371 2543 409 2621 τῇ
432 2533 523 2620 ἑορτῇ
545 2544 599 2598 τοῦ
620 2536 746 2644 Πρσχα,
769 2560 823 2617 της
833 2537 1048 2617 Πιντηκοστης
1069 2536 1119 2596 nal

108 2633 163 2707 τῆς
183 2623 403 2706 Σκηνοιιηγίας
433 2627 489 2684 Hoc
511 2627 571 2683 loco
594 2620 632 2683 τὰ
653 2615 724 2702 ἅγια
737 2643 799 2683 ταιν
814 2618 908 2703 ἁριίον
921 2627 1032 2700 primam
1048 2626 1119 2683 illam

107 2716 212 2789 Templi
238 2714 374 2771 interioris
402 2730 432 2770 ac
455 2713 519 2768 tecti
541 2720 645 2786 partem
667 2710 826 2785 significant.
871 2712 938 2781 Quia
967 2730 1055 2786 neque
1077 2719 1169 2770 ter333

107 2801 253 2876 quotannis
275 2798 413 2873 penetrale
435 2797 502 2854 illud
523 2805 723 2854 sacrosanctum
746 2796 844 2863 adibat,
867 2797 915 2854 sed
931 2796 1057 2855 duntaxat
1073 2815 1119 2854 se-

107 2885 177 2951 mel,
201 2894 311 2942 etcum
333 2883 536 2957 ingrederetur,
566 2882 702 2955 pectorale
724 2891 903 2956 gemmatum,
932 2900 962 2939 ac
985 2882 1118 2957 reliquum

107 2988 216 3028 omnem
238 2968 357 3044 ponebat
378 2978 511 3034 ornatum,
535 2977 562 3024 et
582 2967 673 3024 tunica
687 2966 766 3034 linea,
789 2966 921 3069 liqeisque
935 2966 1117 3068 femoralibus,

108 3073 191 3122 zona,
220 3055 301 3111 cidari
328 3053 406 3110 lineis
428 3052 566 3110 utebatur
608 3051 667 3109 Non
689 3053 766 3108 aliter
788 3046 827 3108 τὰ
849 3043 920 3126 ἅγια
942 3069 1003 3107 τιυν
1025 3042 1119 3125 αρέιιιν

107 3140 225 3215 appellat
247 3139 456 3212 Chrysostomus
479 3139 562 3194 Orat.
570 3137 619 3194 62
646 3136 775 3194 Τοιιιοδ.
803 3135 872 3192 Edit
895 3134 974 3191 Savil.
997 3152 1024 3207 p
1041 3137 1116 3192 dli:

107 3216 313 3282 ἐνεδύσατοι
299 3243 315 3281 ο
344 3215 501 3321 ἀρχιερεῦς
527 3215 629 3324 crocqln
649 3217 691 3288 ιις
710 3215 750 3278 τὰ
771 3237 843 3294 oyen
863 3221 925 3276 τῶν
946 3212 1039 3318 ἁγίων
1060 3237 1117 3274 no-

108 3299 202 3388 ιλήρη,
229 3303 384 3384 τουτέστιν
406 3298 606 3381 epdomadam
628 3303 762 3384 κεφαλῆς
781 3298 894 3380 μέχρι
892 3296 1035 3359 τιοιλῶν’
1018 3321 1118 3360 unaco-

107 3389 263 3498 ρισμένον,
292 3387 447 3466 antaplon,
477 3384 585 3466 ζώνην,
614 3387 788 3491 περισκελῆ,
820 3382 950 3445 πέταλον
972 3404 1116 3465 χρυσουν,
1203 3394 1205 3398 ’

106 3473 232 3558 τιάραν,
259 3470 396 3536 τουτέστι
426 3471 611 3553 κυρβασίαν,
639 3468 673 3531 τὸ
701 3466 842 3548 λόγιον
829 3467 875 3528 aul
904 3474 959 3529 τοῦ
980 3466 1118 3548 στήθους

104 3574 158 3622 ete.
189 3567 228 3622 lta
250 3564 351 3621 l'ronto
374 3570 469 3620 noster
491 3560 648 3618 emendavit.
687 3558 751 3615 llam
773 3575 823 3631 pro
835 3550 955 3660 τιάραν
974 3575 1116 3633 perperam

102 3649 204 3725 legitur
231 3639 306 3708 τέ”
288 3666 349 3728 αρα
378 3656 406 3706 et
433 3663 483 3722 pro
512 3639 697 3723 κυρβασίαν,
727 3635 935 3727 κορυβαντιον.
979 3641 1018 3700 Oh
1047 3660 1115 3710 eam,
