2534 4154
463 317 539 367 neta
558 317 777 369 Buttnnutnttx.
1077 322 1132 368 xm

111 471 328 548 quodquidam,
352 472 399 547 qui
420 470 510 528 solent
530 472 602 528 ultro
625 473 748 547 citroque
769 483 878 548 portare
901 478 1080 542 rumusculos,
1103 488 1138 552 et¹

23 550 27 559 ’
112 558 158 614 his
187 573 257 630 quae
284 556 429 613 andierunt
450 573 559 630 semper
580 557 694 623 addere,
725 568 755 615 ut
776 560 897 616 tristitias
920 571 948 617 et
969 561 1038 618 rixas
1060 563 1132 621 inter

112 643 214 699 iratres
235 642 389 720 concitent,
409 650 442 698 te
464 659 574 717 quoque
596 642 774 700 turbaverunt
796 654 823 700 et
846 645 984 711 dixerunt,
1008 647 1081 721 quod
1103 647 1132 705 in

112 727 249 792 oratione,
271 726 381 800 quando
402 726 540 783 offerimus
563 728 692 784 sacrificia
714 727 786 794 ileo,
809 730 944 786 soleamus
967 748 1016 804 pro
1039 741 1066 788 te
1088 732 1132 789 di·

112 829 187 878 cere,
211 811 333 878 Domine,
350 820 464 885 praesta
485 813 577 868 loanni
599 821 631 869 ut
653 823 726 869 recte
749 813 850 872 credat.
880 815 938 871 Noli
961 833 1011 873 nos
1027 816 1052 871 in
1069 826 1133 874 tan-

22 899 26 906 '
111 907 173 954 tum
199 905 297 970 putare
325 897 457 961 rusticos,
487 904 518 953 ut
546 898 598 953 hoc
625 906 679 953 tam
708 908 801 970 aperte
833 900 923 955 dicere
950 902 1130 973 potuerimus.

11 981 13 988 '
57 1010 64 1019 ·
112 983 273 1056 Quanquam
303 981 374 1037 enirn
400 982 454 1038 hoc
475 981 503 1037 in
525 983 606 1038 corde
628 999 690 1057 mep
712 1000 821 1056 semper
842 1001 933 1049 orem,
964 994 1071 1050 tamen,
1099 996 1132 1044 ut
1201 1014 1224 1036 ··

111 1067 273 1140 simpliciter
295 1066 387 1131 latear,
410 1081 547 1139 nunquam
570 1067 596 1122 in
620 1067 720 1123 alienas
743 1082 822 1123 aures
845 1069 961 1141 protuli,
984 1088 1019 1126 ne
1042 1072 1132 1129 teri-

111 1152 195 1209 derer
216 1151 289 1224 parri
311 1151 444 1224 pendere,
468 1151 649 1231 dilectissime.
692 1152 803 1220 Quando
826 1161 916 1208 autem
938 1155 1131 1228 complevimus
1176 1184 1178 1188 ·

111 1237 274 1294 orationem
297 1235 445 1293 secundum
468 1237 549 1292 ritum
564 1237 764 1309 mysteriorum
788 1246 815 1293 et
830 1253 879 1310 pro
895 1239 1022 1295 omnibus
1037 1249 1065 1296 et
1079 1241 1130 1314 pro

112 1331 141 1378 te
163 1330 275 1395 quoque
297 1320 425 1384 dicimus,
457 1320 566 1376 Custodi
588 1321 663 1376 illum
686 1322 732 1397 qui
754 1323 890 1394 praedicat
912 1324 1066 1391 veritatem;
1090 1325 1131 1382 rel

112 1413 199 1470 certe,
222 1405 263 1460 Tu
284 1414 400 1478 praesta,
423 1404 544 1471 Domine,
569 1415 597 1461 et
617 1406 732 1470 custodi,
756 1415 786 1461 ut
808 1407 852 1461 ille
868 1407 977 1463 verbum
994 1410 1131 1482 praedicet
1183 1466 1185 1471 .

112 1489 250 1548 veritatis:
278 1491 350 1546 sicut
376 1491 481 1547 occasio
505 1491 637 1546 sermonis
660 1508 690 1546 se
712 1491 818 1556 tulerit,
847 1500 874 1547 ct
896 1492 1021 1548 habuerit
1043 1495 1129 1552 oratio

112 1574 348 1648 consequentiam.
379 1575 550 1648 Quapropter
572 1575 686 1632 obsecro
710 1586 745 1640 te,
769 1576 950 1639 dilectissime,
974 1586 1001 1632 et
1019 1578 1131 1634 advolu-

112 1669 160 1717 tus
181 1658 306 1733 pedibus.
319 1661 384 1715 tuis.
395 1677 500 1733 precor,
524 1670 631 1733 praesta
646 1661 716 1716 mihi
740 1670 766 1716 et
782 1660 839 1725 tibi,
863 1670 893 1717 ut
908 1662 1026 1727 salveris,
1050 1663 1130 1720 sicuti

112 1745 247 1818 scriptum
269 1753 320 1809 est,
343 1762 357 1799 a
380 1745 555 1818 generatione
577 1763 702 1818 perversa
728 1745 838 1810 (Mattb.
855 1745 930 1810 xvtt,
943 1749 1007 1819 16),
1036 1757 1064 1804 et
1084 1764 1131 1804 re·

112 1831 182 1886 eede
204 1828 237 1884 ab
259 1829 366 1885 haeresi
389 1829 511 1902 origenis
534 1839 561 1885 et
582 1847 596 1884 a
619 1831 724 1886 cunctis
746 1830 919 1899 haeresibus,
948 1832 1128 1890 dilectissime.

112 1914 198 1993 Video
220 1913 292 1968 enim
314 1913 521 1987 quodpropter
543 1915 611 1970 hanc
634 1931 740 1970 causam
763 1916 851 1972 camnis
873 1925 960 1971 vestra
982 1917 1129 1991 indignatio

112 1998 250 2056 concitata
271 1998 316 2062 sit,
340 1999 412 2071 quod
426 1999 578 2073 'dixerimus
601 1999 686 2064 vohis,
709 2000 762 2056 Arii
781 2010 893 2073 patrem,
918 2001 1060 2075 (trigenum
1076 2003 1131 2060 sci-

111 2086 196 2148 licet,
224 2091 251 2139 et
278 2083 389 2138 aliarum
417 2083 565 2140 haereseon
594 2085 710 2140 radicem
733 2093 760 2141 et
782 2095 921 2157 parentem
943 2086 1051 2142 laudare
1073 2105 1128 2145 nen

113 2167 231 2224 debetis.
274 2167 308 2223 ttt
336 2184 397 2223 curn
426 2186 472 2224 vos
501 2185 607 2234 orarem
636 2187 671 2225 ne
694 2170 728 2224 ita
752 2171 892 2235 erraretis,
908 2222 910 2226 .
925 2180 952 2226 et
974 2182 1128 2239 monerem3

113 2252 325 2317 contradixistis,
348 2261 376 2309 et
392 2269 440 2308 me
462 2254 494 2308 ad
518 2254 652 2309 tristitiam
675 2261 755 2326 etque
778 2254 811 2309 ad
827 2255 957 2327 lacrymas
972 2256 1128 2320 adduxistis,

113 2354 171 2394 non
195 2336 283 2393 solum
304 2345 394 2392 autem
416 2354 468 2402 me,
491 2338 539 2392 sed
562 2348 589 2394 ct
610 2338 675 2394 alios
698 2338 829 2411 plurimos
851 2338 997 2394 catholicos
1020 2340 1066 2411 qui
1087 2341 1131 2395 in-

113 2431 248 2479 tererant.
290 2422 364 2486 Inde,
387 2431 418 2478 nt
439 2422 575 2495 intelligo,
599 2423 665 2478 haec
688 2430 729 2477 est
751 2422 838 2477 omnis
861 2423 1006 2494 indignatio
1029 2433 1056 2479 et
1078 2424 1130 2482 iste

113 2508 208 2564 furor:
232 2506 379 2562 etidcirco
402 2507 599 2562 comminamini
621 2506 693 2580 quod
716 2506 828 2561 mittatis
851 2508 990 2562 adversum
1013 2525 1055 2564 me
1071 2508 1131 2582 epi-

113 2592 210 2656 stulas,
233 2600 265 2646 ut
287 2592 340 2646 huc
362 2591 479 2663 illucque
501 2607 590 2645 sermo
613 2598 702 2645 vester
724 2590 871 2657 discurrat3
899 2601 926 2648 et
946 2602 1060 2666 propter
1081 2594 1131 2651 de-

113 2676 267 2738 fensionem
295 2675 440 2736 haereseos
468 2675 608 2730 adversum
639 2692 681 2730 me
709 2675 769 2730 odia
799 2677 976 2742 suscitanteS,
1007 2679 1130 2752 rumpitis

112 2761 254 2818 caritatem
277 2777 358 2834 quam
380 2760 406 2815 in
429 2759 504 2816 vohis
527 2759 685 2824 habuimus,
715 2760 741 2815 in
765 2769 869 2818 tantum
892 2770 922 2818 ut
940 2763 1057 2820 feceritis
1079 2781 1129 2820 nos

113 2846 196 2902 etiam
223 2845 416 2918 poenitentiam
444 2862 538 2918 agere,
568 2862 650 2918 quare
673 2844 811 2901 vobiscum
835 2848 1129 2914 communicaverimus,

112 2932 152 2987 ita
167 2929 291 3002 origenis
314 2947 420 2985 errores
443 2941 470 2986 et
485 2930 608 3003 dogmata
624 2930 808 2988 defendentes
839 2932 1004 3004 Simpliciter·
1016 2932 1128 3004 loquor:

112 3033 166 3071 nos
189 3014 337 3070 secundum
358 3014 431 3088 quod
445 3015 574 3088 scriptum
591 3024 630 3071 est
648 3015 759 3086 (Mutth.
776 3016 805 3080 V,
823 3019 860 3073 29
878 3023 960 3090 sqq.),
984 3033 1034 3072 nec
1049 3015 1128 3072 oculo

111 3108 211 3156 nostro
233 3099 377 3173 parcimus,
401 3108 432 3154 ut
453 3117 507 3155 non
526 3099 682 3154 effodiamus
699 3116 770 3163 eum,
794 3100 816 3155 si
832 3117 881 3155 nos
897 3100 1126 3166 scandalizaverit3

112 3201 165 3240 nec
187 3183 286 3248 manui,
310 3198 399 3258 neque
420 3184 491 3256 pedi,
515 3185 536 3238 si
551 3184 628 3239 nobis
644 3184 797 3240 scandalum
813 3185 914 3241 lecerit.
942 3185 974 3239 Et
989 3201 1035 3239 vos
1053 3200 1126 3258 ergo,

112 3270 170 3327 sive
193 3268 273 3334 oculi,
296 3269 351 3324 sive
374 3286 477 3332 manus,
501 3269 554 3324 sive
577 3270 660 3341 pedes
683 3252 796 3333 fueritis,
819 3268 912 3325 similia
935 3268 1127 3326 sustioelritis¹'.

201 3355 251 3411 22.
280 3353 373 3426 Pergit
394 3335 489 3409 dlinde
512 3370 544 3408 ex
564 3352 640 3408 libris
662 3349 742 3428 Περὶ
759 3347 862 3430 ἀρχῶν
884 3354 1023 3425 explicare,
1047 3370 1128 3427 quam

110 3439 224 3495 minime
251 3437 377 3495 ferendae
405 3438 543 3494 catholicis
564 3437 676 3494 auribus
699 3438 753 3493 sint
774 3437 973 3510 propositiones
995 3438 1127 3511 quaedam

112 3522 247 3598 (trigenis,
271 3523 331 3578 istic
353 3531 511 3590 contentae3
534 3525 654 3596 quamvis
677 3522 771 3594 inquit,
797 3521 883 3578 “nihil
904 3522 969 3592 mibi
991 3522 1126 3598 subripuit

111 3610 260 3683 Origenes,
278 3608 377 3685 necin
398 3625 458 3666 mea
479 3608 654 3682 generatione
677 3607 736 3671 fuit,
759 3622 809 3663 nec
830 3615 943 3681 propter
964 3609 1065 3682 aliquas
1081 3618 1126 3666 ret

1143 394 1157 428 ι
1223 434 1226 441 a
