2534 4154
109 297 148 358 72
359 348 362 355 .
560 309 671 357 ruram

109 469 147 524 hil
169 467 201 523 ab
225 466 276 522 illis
299 465 488 529 commissum,
513 464 553 520 uti
575 480 626 518 nec
648 462 681 517 ab
696 463 822 536 losepho,
846 464 901 537 qui,
925 465 998 539 quod
1013 466 1136 524 ludaeo-

109 571 170 609 rum
191 551 318 606 Historici
341 558 552 613 consueverant,
582 549 778 622 Imperatorum
801 566 832 604 ac
854 549 1009 623 Principum
1042 568 1134 610 anuos

110 638 220 693 aNisan
243 636 350 708 saepius
373 635 515 696 inchoasse
538 633 673 698 creditur,
697 634 804 689 tametsi
821 634 924 707 aliquot
939 634 972 690 ab
988 635 1034 690 illu
1050 655 1136 693 men-

110 722 184 778 sibus
207 720 340 776 iniissent.
372 721 430 788 Quo
453 720 496 774 illa
516 718 741 774 Talmudistarum
764 720 858 792 regula
880 721 1007 792 pertinet,
1031 722 1134 794 quiin

110 807 236 862 Tractatu
260 817 350 866 πιιιιιι
373 817 460 868 utun,
491 808 538 859 cl
569 803 646 861 tota
677 803 777 859 docent
804 805 985 860 israelitarum
1019 807 1133 879 quidem

109 893 213 965 Regum
236 909 321 946 annos
344 889 377 946 ab
394 890 570 945 antecedente
586 888 666 943 Nisan
682 888 774 954 ordiri,
799 898 953 945 exterorum
969 907 1032 946 vero
1048 891 1137 947 Prin-

110 978 199 1049 cipum
230 993 244 1030 a
273 975 351 1031 Tisri.
397 974 473 1042 Quod
498 983 524 1030 et
546 974 577 1028 R.
601 973 722 1028 issachar
744 972 797 1028 ben
821 973 974 1030 Mordeehai
995 976 1023 1030 in
1047 975 1135 1032 Com·

108 1070 176 1135 puto
205 1061 323 1116 tradidit.
369 1058 549 1128 Quamobrem
579 1057 600 1113 si
629 1058 689 1130 quis
713 1058 827 1131 exempli
850 1076 945 1115 caussa
968 1060 1062 1115 ultimo
1086 1063 1135 1119 die

108 1147 209 1202 mensis
221 1146 291 1201 Adar
299 1162 413 1218 regnum
425 1152 556 1217 capessat,
566 1143 692 1216 sequenti
702 1143 783 1198 Nisau
794 1145 930 1199 secundus
941 1145 1045 1217 imperii
1057 1146 1136 1203 illius

109 1248 195 1287 annus
211 1230 406 1286 numerabitur.
437 1241 512 1306 :pava
531 1241 596 1288 Γιτιιι
612 1242 698 1287 :trum
715 1240 803 1288 m:
820 1243 887 1288 'tuh
904 1242 951 1288 nt*
968 1242 1079 1302 tamnu
1095 1246 1131 1293 Ὁ

110 1327 176 1379 mm
204 1315 270 1372 Dies
298 1333 370 1370 uetus
398 1316 428 1370 in
456 1316 510 1387 fine
538 1314 608 1368 anui
626 1330 681 1384 pro
705 1331 780 1368 auco
803 1322 960 1385 reputatur.
1006 1316 1085 1383 Quod
1107 1317 1134 1373 si

110 1403 170 1475 quis
192 1402 279 1474 primo
303 1401 344 1456 die
360 1400 441 1455 Nisan
464 1399 593 1472 coeperit,
618 1415 673 1453 nun
697 1407 758 1454 ante
781 1407 931 1454 vertentem
954 1418 1055 1456 annum
1071 1403 1137 1475 pri-

108 1503 168 1562 mus
193 1486 250 1541 eius
273 1503 360 1541 annus
384 1479 549 1540 censebitur.

194 1565 225 1626 ἓν
247 1561 372 1664 χρόνιιις
403 1565 520 1638 τοίνυι,
551 1559 592 1634 ὡς
621 1561 749 1644 ἔφημεν]
790 1569 827 1623 Ex
849 1568 961 1625 Irenaeo
983 1579 1037 1625 tam
1060 1571 1136 1628 haec

109 1674 188 1730 quam
212 1655 353 1727 sequentia
375 1662 481 1709 mutuat
483 1672 514 1708 us
538 1662 588 1709 est.
620 1653 684 1708 Vide
711 1657 736 1719 1,
755 1654 803 1710 24.

197 1739 298 1797 toan.
340 1731 376 1794 οὐ
407 1731 466 1814 γὰρ
495 1729 687 1809 ddvuuut,⁰
669 1757 688 1793 α
718 1734 842 1811 ἐκεῖνος]
883 1739 982 1794 Deesse
1005 1741 1135 1797 nonnihil

108 1826 189 1880 huius
211 1823 264 1879 loci
287 1824 434 1896 integritati
457 1823 590 1896 suspicor.
632 1825 685 1880 Aut
708 1824 783 1887 haec,
808 1833 855 1880 aut
877 1825 918 1879 his
942 1825 1036 1880 similia
1059 1827 1133 1882 scri·
1142 1868 1146 1882 .

107 1909 161 2010 psit
176 1908 351 1980 Epiphanius,
385 1901 432 1964 Οὐ
456 1902 514 1984 γὰρ
539 1899 666 1964 δύναται
689 1910 838 1978 uocatum
818 1899 972 1976 ἃέκεῖνος
986 1905 1142 1967 ἐπιποθεῖ.

108 1981 182 2047 εἶναι
206 1983 299 2071 αὗτῳ.
341 1983 376 2047 od
400 1985 528 2049 δύναται
552 1986 639 2048 da*
607 2012 641 2048 το
664 1993 726 2048 πᾶν
748 1981 822 2048 εἶναι
846 1985 948 2064 κακὸν,
973 1985 1045 2050 ουδὲ
1065 1988 1130 2052 ὑπὸ

60 2104 64 2111 -
107 2095 210 2134 κακων
229 2049 389 2152 yey‘ora'vnr.
419 2078 478 2135 lluo
502 2088 579 2134 erant
602 2077 871 2152 carpocratianorum
895 2079 1035 2152 dogmata.
1059 2082 1136 2138 alte·

107 2181 183 2227 rum,
213 2163 359 2228 mundum,
384 2174 542 2238 crectasque
565 2181 609 2218 res
633 2181 726 2219 omnes
749 2181 804 2219 non
828 2182 842 2219 a
863 2164 937 2220 bono
960 2164 1006 2221 illo
1029 2184 1136 2239 supre—

107 2266 207 2320 moque
229 2247 301 2313 beo,
325 2250 373 2305 secl
396 2248 428 2304 ab
452 2247 625 2304 interioribus
649 2249 757 2322 Angelis
779 2250 864 2305 luisse
886 2250 1024 2306 conditas:
1058 2252 1136 2309 alte-

107 2351 177 2399 rum,
200 2334 228 2388 in
250 2334 382 2392 malorum
401 2352 502 2408 genere
518 2335 623 2389 censeri
638 2334 777 2398 mundum,
801 2352 925 2408 quaeque
942 2336 1043 2392 mundo
1060 2354 1136 2394 con·

106 2419 229 2475 tinentur
250 2420 383 2476 universa.
415 2421 557 2494 Utrunque
576 2412 676 2492 'dogma
698 2419 864 2493 Epiphanius
886 2420 1036 2494 impugnat.
1067 2422 1136 2478 Pri-

107 2521 180 2559 mum
203 2504 320 2576 quidem,
346 2506 417 2579 qnod
442 2524 473 2561 ex
490 2523 522 2561 eo
538 2522 709 2578 consequens
726 2513 769 2560 est
789 2503 992 2562 imbecilliorem
1017 2507 1133 2580 Angelis

108 2588 292 2651 essetecum,
324 2591 439 2645 alterum
469 2607 548 2655 vero,
578 2590 650 2665 quod
673 2607 735 2645 enm
757 2607 820 2662 pars
843 2591 932 2663 aliqua
954 2592 1037 2647 totius
1061 2593 1135 2648 Uni-

107 2672 240 2727 versitatis
270 2674 384 2729 salutem
405 2674 542 2739 obtineat,
572 2692 626 2730 non
649 2675 736 2747 possit
759 2674 930 2731 abonorum
953 2693 1054 2749 genere
1076 2695 1136 2751 pe-

106 2757 180 2813 nitus
204 2756 316 2812 excludi.

273 2976 316 3031 Ab
340 2960 506 3032 HAERESlN
529 2976 629 3032 XXVlll
653 2975 958 3033 CElllNTHlANORUlll.

198 3098 251 3152 lli
270 3095 297 3151 b.
329 3077 420 3162 οὗτος
441 3088 478 3150 da‘
496 3090 586 3165 ἐστιν,
617 3087 784 3169 ἀγαπηιοιΊ
822 3096 940 3169 idipsum
964 3097 1132 3156 Philastrius

106 3180 209 3237 scribit.

196 3265 295 3323 1141).
327 3259 377 3321 uni
400 3255 511 3323 τούτου
534 3258 619 3321 ἕνεκα
641 3257 660 3340 ἦ
682 3257 868 3341 παράδοσις]
894 3266 1005 3323 Tertull.
1029 3267 1076 3324 lib.
1093 3269 1133 3326 de

105 3351 216 3407 Resurr.
240 3359 268 3407 et
291 3354 308 3407 5
338 3368 399 3407 con.
422 3350 487 3406 Mar.
511 3351 628 3406 adeum
657 3351 767 3407 modum
789 3351 910 3425 Apostoli
938 3353 1029 3410 locum
1050 3354 1131 3410 illurn

106 3436 229 3508 explicat,
253 3435 286 3492 de
309 3453 363 3509 quo
385 3436 549 3509 interpretes
573 3436 694 3492 consule.

173 3568 176 3580 .
195 3521 296 3577 1151).
327 3516 388 3577 ἐπεὶ
412 3513 468 3578 οὐκ
490 3514 529 3577 ἂν
548 3515 627 3594 μετὰ
649 3510 796 3596 σταυρόν]
836 3523 908 3578 ldem
934 3532 1130 3596 argumentum

106 3613 186 3678 urget
215 3604 341 3662 adversus
371 3605 520 3663 Helvidium
542 3605 732 3680 Hieronymus.
775 3604 903 3678 Osuror
924 3625 1024 3664 caecus
1047 3616 1074 3663 et
1094 3611 1132 3665 ιιι
1173 3615 1177 3622 “
