2534 4154
149 348 191 408 54
605 359 720 410 PElelll
806 392 808 398 ·

147 517 219 573 inter
241 514 373 570 Haereses
396 513 519 586 cooptari
540 531 595 570 non
618 513 781 570 debuerunt.
825 515 860 570 At
883 511 1078 593 Νασαραΐοι,
1101 532 1171 592 quos

148 602 193 657 bic
221 598 351 656 describit
372 597 554 672 Epiphanius,
584 599 673 672 legem
699 599 781 655 lllosis
808 598 993 673 abnegabant,
1009 600 1098 672 *quod
1132 608 1175 658 est

146 686 217 743 idem
240 702 270 741 ac
292 683 455 740 Iudaismum
484 675 545 740 ἀπὸ
567 685 621 758 τῆς
642 675 838 760 ἀκροπόλεως
859 693 990 740 evertere.
1035 685 1112 741 Unde
1135 703 1170 743 ne

146 770 180 827 ad
201 769 368 844 posteriores
391 767 500 840 quidem
521 768 683 833 Nazareuos,
708 769 755 843 qui
772 767 879 825 Christo
902 787 1003 826 nomen
1026 769 1170 837 dederunt,

147 854 249 931 quique
277 854 407 927 privatam
429 854 456 908 in
480 853 683 910 Christianismo
707 861 808 909 sectam
832 855 1024 920 instituerunt,
1054 863 1174 928 possunt

106 945 136 996 at
147 939 258 1004 referri,
289 937 422 1011 siquidem
444 937 571 994 Nazaraei
591 938 645 1004 illi,
676 938 838 1011 quibuscum
861 951 941 995 usum
965 947 993 995 et
1017 948 1171 997 consuetu-

148 1025 238 1080 dinem
261 1023 355 1079 babuit
370 1023 559 1096 Hieronymus,
583 1023 736 1096 quibusque
761 1025 799 1080 29
816 1023 947 1079 Haeresin
969 1025 1090 1098 assignat
1104 1026 1173 1098 Epi-

146 1109 278 1183 phanius,
301 1116 378 1164 vetus
402 1125 481 1164 omne
504 1108 707 1164 Testamentum
730 1108 877 1174 admisere,
901 1117 933 1164 ut
954 1109 1034 1165 ambo
1056 1109 1095 1165 illi
1117 1111 1172 1166 Pa-

147 1203 203 1250 tres
226 1193 368 1257 affirmant,
393 1194 466 1265 quod
488 1193 593 1249 ludaica
616 1193 668 1248 ista
683 1202 757 1248 secta
773 1193 893 1248 funditus
909 1194 1037 1249 reiecisse
1052 1195 1169 1259 videtur,

146 1279 367 1353 quandoquidem
390 1278 605 1333 Pentateuchum
627 1277 709 1333 llosis
732 1278 858 1334 Iudaismi
880 1279 1024 1334 medullam
1046 1279 1170 1336 funditus

145 1364 316 1438 proscripsit.
362 1363 416 1419 Sed
445 1362 576 1418 eiusmodi
599 1362 697 1418 Iudaici
725 1363 841 1418 nominis
864 1362 994 1419 Haeresin
1016 1363 1090 1419 haud
1112 1364 1170 1421 scio

146 1466 180 1504 an
203 1450 271 1505 alius
293 1456 402 1521 praeter
423 1447 602 1520 Epiphaniam
625 1448 884 1503 commemoraverit.

233 1536 270 1592 39
289 1551 312 1589 a.
344 1528 393 1587 καὶ
416 1521 494 1587 ὅπου
521 1524 540 1605 ἦ
571 1527 646 1608 δρῦς
667 1529 831 1607 Μαμβρῆ]
870 1532 1068 1588 celeberrimus
1098 1534 1173 1606 apud

145 1628 272 1692 posteros
302 1618 379 1673 locus
402 1616 447 1671 ille
469 1616 533 1680 luit,
563 1617 707 1690 adusque
731 1617 900 1672 Constantini
922 1617 1013 1690 magni
1034 1626 1168 1691 tempora,

145 1703 245 1776 quibus
268 1712 322 1757 tam
345 1720 359 1757 a
381 1701 486 1757 ludaeis
509 1709 536 1757 et
563 1700 721 1757 Christianis
744 1718 824 1774 quam
840 1719 854 1756 a
871 1701 1021 1758 Gentilibus
1037 1703 1171 1776 frequen-

146 1796 187 1842 tes
210 1786 348 1859 religionis
371 1803 436 1859 ergo
460 1794 608 1841 conventus
624 1803 655 1841 ac
670 1795 806 1842 mercatus
821 1786 875 1842 illic
891 1786 984 1852 habiti,
1009 1798 1078 1859 quos
1096 1787 1171 1844 Con-

145 1872 280 1926 stantinus
302 1870 397 1926 Edicto
420 1871 539 1926 sustulit.
571 1870 739 1927 Sozomenus
764 1873 792 1936 2.
811 1874 838 1929 3.

382 2091 426 2145 Ab
449 2089 617 2146 HAERESlN
639 2091 695 2146 XIX
718 2089 930 2148 OSSENORUM.

233 2211 270 2267 39
288 2209 314 2265 d.
359 2209 433 2278 Quos
456 2210 575 2265 Ossenos
601 2209 646 2265 hic
667 2209 785 2282 appellat
806 2210 982 2284 Epiphanius,
1005 2201 1170 2280 Ὀσσαίους

144 2293 257 2364 Haeresi
280 2297 318 2353 30
344 2303 371 2351 et
395 2297 433 2352 53
457 2295 592 2360 nominat,
623 2302 655 2350 ut
677 2294 797 2368 Scaliger
819 2295 958 2351 observat:
989 2296 1170 2368 quemadmo-

145 2379 210 2436 dum
231 2371 365 2438 Ἐσσαῖοι
381 2372 565 2457 θῖὈσσηνοὶ
587 2397 637 2453 pro
659 2380 755 2436 iisdem
778 2380 956 2454 accipiuntur.
986 2381 1024 2436 Ex
1046 2397 1101 2454 quo
1123 2383 1170 2438 ni-

144 2465 243 2521 mirum
266 2465 369 2539 colligit
389 2455 425 2522 τὸ
443 2463 460 2521 ir
481 2465 590 2521 nonnisi
612 2458 691 2521 κατὰ
712 2457 899 2543 παραγωγὴν
919 2466 946 2520 in
970 2466 1071 2522 Graeco
1095 2483 1167 2534 esse,

145 2565 235 2622 neque
263 2551 380 2607 radicale
401 2551 500 2615 videri,
530 2551 571 2606 uti
593 2567 643 2606 nec
664 2551 691 2605 in
713 2549 880 2608 Essenorum
902 2550 1042 2607 vocabulo.
1086 2552 1169 2610 Addit

141 2623 311 2706 Ὀσσηνοὺς
337 2635 447 2690 eosdem
475 2652 535 2691 esse
563 2652 623 2691 cum
644 2627 816 2709 Ἐσσηνοῖςε
849 2645 981 2708 utrosque
1011 2637 1082 2691 enim
1106 2653 1168 2694 esse

144 2729 242 2776 *bom
267 2719 330 2790 quia
351 2735 547 2791 saepenumero
570 2720 661 2775 bolem
683 2737 734 2792 pro
756 2721 863 2784 schem,
887 2728 914 2775 et
935 2720 1052 2776 vicissim
1068 2721 1167 2778 scheva

143 2818 194 2876 pro
223 2800 313 2857 holem
341 2810 498 2875 usurpatur.
544 2803 619 2859 Hanc
647 2804 831 2859 coniecturam
858 2803 965 2860 duobus
993 2806 1167 2879 potissimum

144 2887 312 2960 argumentis
342 2887 472 2942 adstruit:
503 2886 633 2953 alterum,
663 2887 736 2960 quod
765 2888 850 2944 multu
872 2889 899 2943 in
922 2905 1017 2944 eorum
1040 2891 1166 2949 instituto

143 2979 266 3028 veterum
287 2971 454 3026 bissenorum
475 2971 587 3044 vestigia
610 2982 782 3045 comparent:
810 2981 842 3028 ut
862 2982 928 3047 puta
949 2966 969 3048 ἦ
992 2974 1054 3030 τῶν
1076 2967 1166 3052 ἀγγέ-

145 3059 208 3112 λων
228 3050 397 3134 θρησκεία,
426 3054 502 3111 cibus
532 3073 564 3112 er
591 3057 647 3112 sale
671 3065 698 3113 et
719 3074 806 3129 pane,
833 3066 915 3130 potus
940 3075 972 3113 ex
994 3075 1078 3133 aqua:
1108 3070 1168 3116 tum

144 3142 217 3216 quod
241 3141 338 3198 Ossoni
360 3140 451 3197 Solem
479 3140 641 3206 adorarunt,
672 3142 744 3198 unde
773 3150 800 3198 et
822 3142 961 3215 Sampsaei
983 3143 1057 3202 dicti.
1101 3145 1168 3201 Nam

143 3227 296 3301 Sampsaei,
320 3242 437 3299 quorum
459 3234 502 3281 est
523 3226 648 3282 Haeresis
673 3229 727 3292 53,
750 3226 832 3282 iidem
854 3244 916 3283 oum
939 3228 1049 3285 Ossenis
1071 3229 1169 3286 viden-

143 3320 199 3368 tur.
243 3314 277 3368 At
298 3311 464 3367 bissenorum
492 3311 633 3384 proprium
662 3312 715 3367 boo
742 3311 808 3377 luit,
838 3313 948 3369 Oriente
978 3313 1041 3371 Sole
1070 3331 1166 3387 preces

144 3396 268 3453 fundere.
296 3397 419 3453 Alterum
441 3404 492 3461 est,
517 3396 590 3469 quod
605 3397 678 3452 Elrai
699 3396 834 3470 impostor
856 3398 909 3464 ille,
933 3398 980 3472 qui
995 3399 1028 3454 ad
1044 3400 1165 3457 Ossenos

142 3481 265 3546 transiit,
294 3481 414 3537 Essenos
439 3481 529 3538 luerit.
574 3481 647 3537 Nihil
669 3481 741 3538 enim
763 3481 836 3539 aliud
859 3491 901 3539 est
921 3473 1029 3551 'Eleae
1043 3477 1165 3558 quant

140 3556 284 3632 Ἐσσαῖος
304 3577 386 3626 ason
410 3563 451 3627 'ru
474 3574 505 3622 ut
527 3566 553 3623 id
575 3575 679 3632 sectae,
709 3583 766 3622 non
790 3568 907 3624 bominis
930 3568 1070 3641 proprium
1094 3569 1168 3626 exti-

143 3648 218 3707 terit.
248 3651 303 3708 Sed
324 3667 356 3707 ea
372 3650 500 3725 Scaligeri
522 3651 678 3710 coniectura
700 3659 813 3711 eatenus
834 3669 851 3710 a
872 3652 952 3710 nobis
968 3652 1110 3727 probatur,
1135 3665 1168 3713 ut
