2534 4154
106 322 147 384 62
562 335 676 384 rarius

193 493 270 548 620.
301 479 531 584 πορακοψάσης
552 491 687 591 φωνῆς]
706 491 777 546 lren.
807 491 902 546 lueida
929 490 1052 561 imapa'ne
1074 506 1128 563 ap·

105 583 240 657 parente:
263 575 339 648 quasi
362 583 435 630 esset
457 576 605 673 φωτεινῇς
626 565 748 641 εἰκόνος.

193 660 274 718 aad.
304 651 364 715 aiud
389 656 451 734 aa}
452 679 480 713 ιν
502 651 683 734 ἀναπτῆναι]
707 661 797 716 Utitur
811 660 863 716 hae
877 659 1007 734 loquendi
1022 659 1128 715 ratione

106 745 249 820 aliquoties
276 744 452 818 Epiphanius
497 745 550 800 Sed
583 754 712 817 corrupte
740 761 935 818 nonnunquam
964 738 1050 810 θίξιν
1077 758 1129 817 pro

106 827 214 929 θῆξιν
232 829 335 886 habeut
363 829 532 902 exemplaria.
578 830 626 886 Est
652 828 743 886 autem
771 826 864 904 θῆξις
890 829 1007 902 Hesyeh.
1037 819 1130 904 ῥοπὴ,

107 905 227 991 στιγμὴ,
249 908 353 987 τάχος.

193 1001 232 1058 63
249 1016 273 1054 a.
303 991 478 1073 ποιήσωμεν
493 987 676 1092 ἄνθρονπον]
691 998 779 1053 Minus
796 998 880 1071 igitur
894 1007 1019 1054 accurate
1037 997 1132 1054 Theo·

108 1086 219 1140 doretus
247 1092 404 1158 usurpatam
432 1083 464 1138 ab
494 1082 580 1139 illis
574 1101 601 1138 in
629 1084 679 1139 hae
707 1083 842 1139 sententia
863 1099 956 1140 vooem
978 1075 1133 1159 ἡμετέραν

109 1169 211 1226 scribit.

193 1251 275 1311 sah.
306 1243 341 1308 τὸ
365 1247 398 1308 δὲ
419 1242 562 1308 κάτωθεν
582 1247 633 1307 καὶ
656 1242 746 1326 αὐτό]
784 1252 867 1308 Forte
897 1248 946 1307 καὶ
976 1243 1071 1307 αὐτὸν
1097 1244 1133 1308 δὲ

108 1332 161 1396 τὸν
183 1339 308 1414 σωτῆρα
330 1328 471 1436 φάσκει,
474 1346 526 1392 ete.

194 1426 272 1481 630.
303 1415 413 1499 φάσκει
435 1413 494 1496 γὰρ
518 1404 621 1494 ουτος]
653 1420 747 1495 Neque
769 1421 814 1476 hio
836 1421 902 1476 mihi
923 1420 1000 1476 loeus
996 1421 1134 1520 integer

106 1510 220 1566 videtur.
266 1507 393 1580 Suppleri
422 1506 537 1561 tortasse
563 1514 659 1607 potest
685 1523 717 1560 ex
739 1505 930 1570 Theodoreto‚
962 1488 1066 1572 Ουτος
1087 1506 1134 1608 τῷ

107 1583 284 1692 Μενάνδρῳ
311 1584 579 1669 πορανιλησίως”
561 1608 613 1646 ενα
640 1583 757 1688 ἔφησεν
774 1580 848 1645 εἶναι
871 1584 989 1666 ποτέρα
1010 1583 1133 1646 παντά-

107 1696 201 1735 πασιν
228 1670 393 1775 ἄγνωστον.
437 1675 547 1732 τοῦτον
576 1668 610 1730 66
638 1669 711 1741 τούς
738 1666 884 1751 ἀγγέλους
905 1671 1131 1750 ὃημιοοργῆσαι

108 1759 158 1818 καὶ
180 1755 237 1827 τὰς
258 1751 355 1827 ἄλλοις
377 1751 530 1832 δυνάμεις.
561 1760 638 1829 Quod
661 1769 752 1815 autem
775 1761 846 1833 apud
860 1761 993 1833 Epiphan.
1017 1759 1136 1818 subiici-

107 1857 153 1903 tur
175 1839 236 1902 ἀπὸ
259 1863 313 1944 sqq
335 1835 431 1901 αὐτοῦ
454 1838 622 1917 δυνάμεως,
648 1845 748 1901 iudicat
770 1847 866 1902 deesse
889 1862 988 1900 nomen
1010 1844 1133 1918 aliquod,
1143 1911 1145 1916 ¹

107 1938 173 2004 puta
195 1929 250 1987 τοῦ
273 1920 336 1985 ἄνω
359 1923 485 2004 πατρὸς,
508 1929 541 1985 ad
564 1929 637 2004 quod
660 1947 811 2002 pronomen
836 1921 930 1985 αὐτοῦ
951 1930 1098 2002 pertineat.

194 2017 233 2072 65
250 2031 273 2070 a.
305 2006 434 2079 τούτους
456 2006 472 2068 6
494 2005 538 2089 μὴ
561 2008 653 2087 θέμις
674 2010 769 2089 ἐστίν]
791 2014 873 2071 Deest
894 2009 1073 2088 μέλλοντας.

194 2102 231 2157 67
249 2098 276 2154 b.
307 2093 375 2173 περὶ
399 2091 433 2153 66
454 2099 516 2154 τῶν
537 2093 617 2154 κατὰ
638 2093 695 2166 τὰς
715 2097 808 2173 θεοῦ]
832 2100 894 2155 For.
918 2101 972 2174 τῆς
993 2097 1082 2156 θεοῦ.

194 2188 232 2243 67
250 2185 276 2240 d.
306 2186 371 2250 τοῖς
392 2177 460 2258 περὶ
483 2175 537 2240 τὸν
550 2177 745 2258 Ναθαναὴλ]
768 2184 806 2239 lle
829 2184 915 2240 altero
932 2184 979 2240 illo
996 2185 1136 2258 Cleophaa

108 2270 182 2327 socio
205 2271 248 2326 alii
271 2269 349 2326 aliter
371 2268 532 2324 existimant.
563 2268 689 2342 Plerique
704 2270 804 2325 anam
828 2285 887 2324 esse
911 2269 1040 2341 suspicati
1057 2278 1132 2326 sunt.

107 2355 266 2412 Ambrosius
281 2357 457 2410 Ammaonem
479 2355 553 2409 huno
573 2363 659 2410 vacat.
695 2353 808 2411 Videtur
829 2356 903 2409 anina
925 2354 974 2423 (ait
995 2355 1028 2410 ad
1042 2355 1133 2411 Lueae

108 2459 132 2498 c.
151 2443 202 2514 24)
230 2458 260 2496 se
286 2442 348 2497 istis
375 2441 412 2496 12
435 2440 656 2504 demonstrasse,
686 2440 760 2494 sicat
781 2456 812 2494 se
833 2437 980 2494 Ammaoni
1002 2448 1028 2493 et
1052 2439 1136 2496 aaa·

104 2526 181 2597 puae
208 2542 333 2581 seorsum
353 2526 412 2580 iam
433 2541 549 2597 uespere
571 2526 820 2580 demonstraverat.
866 2523 920 2581 Sed
942 2523 1038 2579 deesse
1061 2523 1134 2598 apud

108 2609 281 2665 Ambrosium
303 2610 404 2682 aliquid
426 2610 560 2683 suspicor.
590 2610 656 2665 Nam
678 2610 785 2665 videtur
806 2607 953 2664 Ammaoni
975 2607 1027 2664 loci
1050 2625 1136 2665 voea-

109 2691 204 2748 hulum
227 2709 303 2758 esse,
326 2694 378 2748 levi
400 2693 606 2766 depravatione,
629 2711 679 2767 pro
702 2694 865 2749 Emmaunti.
910 2694 996 2749 Porro
1019 2693 1133 2751 alterius

110 2775 235 2849 discipuli
257 2792 357 2832 nomen
380 2777 610 2833 substituendum.

195 2863 275 2919 asa
306 2853 349 2927 ὥς
375 2851 467 2927 ἀσπὶς
490 2853 561 2938 παρ’
585 2857 715 2936 ἐχίδνης]
754 2861 783 2916 ln
813 2862 990 2918 Colleetaneis
1020 2863 1134 2919 Provar.

110 2963 206 3023 στρομ
194 2963 267 3019 ματ.
290 2946 320 3001 Ρ.
344 2945 460 3009 Senatu,

233 3020 328 3097 Ὡς
309 3024 401 3096 dunig
422 3019 494 3106 παρ’
517 3021 691 3103 ἐχιδνης
658 3048 713 3085 τον
734 3022 781 3085 ἰὸν
803 3024 978 3098 δανείζεται.

194 3115 307 3171 Tertull
336 3131 397 3170 san.
425 3114 534 3170 Mareia.
560 3116 587 3179 3,
605 3117 633 3172 8.
662 3113 782 3170 Desinat
809 3132 883 3170 nane
911 3115 1081 3171 Haereticam
1111 3131 1135 3173 ι

109 3201 229 3266 Iudaeo,
253 3199 345 3272 Aspis,
369 3202 443 3272 qaod
464 3188 553 3264 aiunt,
577 3216 596 3254 a
617 3200 727 3272 vipera,
753 3202 878 3255 mutuari
900 3217 1044 3256 venenam.

299 3420 343 3475 no
366 3419 534 3476 HAERESIN
556 3419 634 3476 XXIV
656 3419 948 3477 nnstttolnnouuu.

196 3539 324 3599 Basilides
346 3538 380 3594 ad
401 3538 530 3595 Antonini
544 3538 584 3593 Pii
599 3548 722 3611 tempora
736 3539 808 3602 vixit,
833 3548 864 3595 ut
878 3540 915 3594 ait
930 3538 1012 3595 Clem.
1027 3539 1132 3598 Alex.l

113 3622 213 3678 Strom.
237 3624 283 3696 qni
305 3623 414 3698 quidem
430 3623 567 3680 Glauciam
581 3623 656 3681 Petri
678 3624 857 3698 interpretem
878 3623 1037 3697 magistrum
1052 3638 1134 3682 suunt
