2534 4154
468 327 760 377 xurunnvensrouus
1064 313 1126 377 235

104 476 355 556 ἐνισχσσάτωσαν
371 475 454 562 αὐτῷ
467 478 578 550 πάντες
593 474 712 559 ἄγγελοι
728 482 815 539 θεοῦ.
838 484 1014 539 Communem
1031 484 1128 542 lectio-

104 587 168 626 nem
198 567 340 624 confirmat
362 566 508 641 Apostolus
531 569 564 623 ad
586 568 705 632 llehr.l,
725 570 752 625 6.
798 570 966 641 Augustinus
989 570 1016 624 in
1039 571 1129 625 Locu-

104 652 229 712 tionibus
251 661 306 708 tarn
329 654 398 709 hanc
420 671 500 728 quam
516 654 727 726 Epiphanianam
744 664 947 710 commemorat.
988 655 1043 711 Nos
1059 657 1129 712 hanc

104 740 210 814 ipsam,
240 748 322 811 prout
351 737 384 793 ab
414 739 563 812 Epiphanio
594 739 698 794 reddita
727 748 784 802 est,
815 739 842 793 in
872 740 1054 795 vetustissimo
1085 741 1130 796 lli-

103 823 226 880 bliorum
258 823 422 879 Graecorum
457 823 554 879 Codice
590 840 669 879 manu
700 833 808 879 exarato
838 826 988 898 reperimus
1020 843 1052 881 ex
1084 826 1130 881 Bi-

104 909 242 967 hliotheca
267 908 485 964 christianissimi
512 909 607 981 Regis:
630 917 661 964 ut
683 909 792 965 minime
814 908 991 965 dubitandum
1012 911 1048 966 sit
1070 928 1129 966 eam

104 993 278 1070 quorundam
302 994 492 1067 exemplarium
514 995 659 1049 lectionem
683 994 776 1048 luisse.
807 994 872 1048 Nam
896 1005 923 1050 et
941 995 1129 1052 Theodoretus

105 1080 134 1136 in
158 1078 368 1148 Quaestionibus
391 1096 448 1133 eam
472 1079 604 1152 agnoscit,
628 1088 655 1134 et
677 1079 855 1134 Sintiauarum
871 1080 1025 1135 Editionum
1042 1081 1131 1137 Scho-

106 1164 141 1220 lia
170 1165 198 1218 iu
227 1164 284 1218 aliis
308 1163 451 1219 Codicilrus
480 1164 551 1218 illam
574 1164 658 1236 ipsam
682 1163 795 1219 inveniri
819 1172 962 1220 testantur.
1008 1166 1130 1235 Quorum

106 1258 198 1306 tamen
222 1248 334 1321 insignis
357 1249 529 1304 hallucinatio
553 1258 608 1312 est,
632 1249 695 1303 dum
717 1249 852 1321 vulgatam
875 1250 985 1304 alteram
1009 1250 1041 1305 ah
1066 1253 1131 1324 Epi-

106 1334 209 1409 phanio
233 1333 283 1388 hac
306 1334 332 1388 in
349 1333 459 1388 llaeresi
482 1333 653 1406 comprobari
670 1335 771 1389 dicunt.
803 1334 880 1403 Quod
896 1351 975 1389 secus
992 1352 1021 1390 se
1038 1336 1129 1392 hahet.

194 1418 273 1487 Quod
295 1419 328 1473 ad
351 1419 511 1474 senteutiam
535 1420 639 1482 attinet,
664 1419 702 1474 sic
718 1435 747 1474 ea
763 1418 866 1475 verba
859 1421 1131 1493 interpretaturllpi-

107 1504 240 1578 phanius,
276 1511 306 1558 ut
328 1495 575 1577 ἕνισχισάτισσιιν
597 1497 681 1558 αὐτῶ
704 1504 738 1559 sit
761 1503 831 1558 idem
856 1522 886 1559 ac
908 1507 1057 1603 roborent,
1086 1508 1131 1562 vel

105 1590 298 1661 confortent
287 1604 387 1683 speum.
418 1589 472 1644 Sed
495 1589 585 1644 nullus
602 1588 783 1644 Hellenismus
799 1589 901 1661 patitur
916 1581 1059 1662 ἐνισχύειν
1074 1586 1130 1646 τινὶ

106 1674 247 1730 transitive
270 1674 349 1737 sumi,
371 1691 422 1746 pro
446 1691 478 1729 eo
500 1672 575 1747 quod
597 1683 640 1729 est
662 1673 791 1729 roborare
807 1674 932 1746 aliquem.
965 1674 1053 1742 Quare
1069 1676 1132 1731 Six-

107 1759 181 1815 tiaua
204 1767 232 1814 et
255 1757 456 1832 Complutensia
478 1758 589 1814 melius:
613 1758 650 1813 Et
673 1760 875 1830 confortentur,
898 1761 943 1814 oet
963 1762 1132 1817 rotarentur
1217 1810 1220 1816 .

106 1846 138 1900 ιἰι
159 1846 232 1944 ipso.
263 1843 404 1912 Quomodo
427 1852 516 1900 autem
540 1843 707 1920 Epiphanius
730 1844 848 1916 exponit,
872 1844 1017 1918 legendum
1039 1846 1133 1902 videa-

106 1938 154 1985 tur
176 1919 420 2001 ἓνισχισάτωσαν
442 1920 544 1984 αὐτόν.
580 1929 651 1985 Sane
675 1925 899 1985 Theodoretus
886 1924 1133 2003 ινισχσσάτωσιιν

107 2005 223 2080 αὐτοὺς
243 2013 270 2068 in
293 2014 349 2069 suis
372 2013 511 2070 codicibus
535 2013 648 2080 habuit,
668 2014 782 2087 eiusque
805 2015 857 2070 loci
879 2032 989 2071 sensum
1012 2018 1045 2072 ad
1067 2017 1133 2090 Epi-

106 2099 201 2172 phanii
222 2108 340 2154 mentem
363 2100 562 2163 accommodat,
587 2118 648 2156 eum
671 2101 704 2156 de
727 2100 836 2174 Angelis
859 2102 984 2174 exponit,
1014 2117 1132 2175 quorum

106 2200 140 2240 ea
163 2182 266 2238 functio
289 2193 339 2248 est,
371 2185 412 2240 uti
435 2194 543 2240 sanctos
567 2186 654 2250 viros,
682 2186 834 2241 cuiusmodi
857 2195 934 2241 erant
956 2186 1079 2259 Apostoli
1101 2204 1132 2242 ac

108 2268 297 2333 Patriarchae‚
329 2286 380 2342 ope
408 2286 439 2325 ac
468 2270 602 2342 praesidio
626 2287 676 2326 suo
700 2279 837 2326 tueantur.
882 2270 951 2372 Quip
975 2278 1001 2325 et
1025 2269 1132 2326 Christo

108 2353 224 2408 llomino
252 2355 373 2409 nascenti
402 2371 433 2409 ac
462 2355 587 2409 morienti
616 2363 726 2428 praesto
749 2356 867 2410 luerunt.
914 2346 970 2433 κᾷν
992 2356 1034 2410 τιὸ
1056 2349 1134 2432 πρὸς

108 2432 165 2495 τὸν
186 2431 373 2508 daddulov'
356 2458 389 2513 op
389 2457 449 2492 ωνι
472 2441 615 2512 παρῆσαν
636 2457 697 2494 των
712 2432 847 2514 ἀγγέλων
860 2455 889 2493 σι
881 2431 957 2513 ὃῆι
957 2455 1012 2494 ισι·
1035 2455 1133 2516 προσ

107 2515 292 2597 studerem
279 2517 354 2597 γὰρ,
384 2518 492 2600 φησιν,
523 2513 641 2598 ἄγγελοι
672 2517 851 2598 διηκόνσοσν
879 2516 977 2625 αὐτῳ·
1006 2544 1056 2580 και
1087 2526 1132 2604 τῷ

106 2601 203 2663 πάθει
226 2602 260 2662 de*
281 2609 424 2686 παρῆσαν
446 2604 496 2662 καὶ
516 2625 595 2681 μετιι
617 2602 672 2682 τὴν
687 2599 853 2664 ἀνάστασιν
867 2611 912 2664 τῶ
927 2601 1019 2690 adpo
1034 2627 1132 2688 προσ-

107 2683 247 2770 ήδριυσν.

109 2818 113 2830 .
197 2777 299 2836 ruah.
330 2769 436 2853 ὁρῶσα
455 2769 573 2853 ἤδη
539 2798 600 2853 την
617 2770 767 2852 dedente]
814 2749 967 2836 Prudenter
989 2781 1033 2837 hic
1055 2782 1132 2838 locus

108 2862 283 2936 explicandus
313 2874 364 2918 est.
409 2863 468 2918 Non
497 2865 574 2918 enirn
598 2864 686 2919 soluta
715 2873 757 2920 est
786 2873 985 2938 postmortem
1009 2869 1131 2939 corporis

107 2965 171 3004 cum
194 2947 335 3004 divinitate
365 2949 536 3004 coniunctio:
566 2949 614 3004 sed
636 2950 709 3022 quod
732 2950 818 3005 anima
842 2951 949 3024 vitaque
971 2953 1130 3007 destitutum

107 3042 161 3097 cst,
184 3031 217 3087 ab
241 3033 298 3106 ipsa
320 3032 520 3107 quodammodo
544 3034 681 3090 divinitate
704 3051 804 3107 corpus
828 3044 869 3090 est
892 3036 1024 3091 relietum.

198 3119 257 3176 796
274 3119 300 3173 d.
331 3108 386 3174 edu
407 3111 491 3176 ἴσασι
513 3113 547 3174 de*
569 3109 615 3174 ὅτι
638 3115 688 3175 καὶ
711 3111 892 3192 ὑπόστασις]
934 3121 972 3175 lle
994 3120 1035 3175 his
1058 3119 1183 3176 voci-290

107 3195 198 3258 Ιιιιιι
181 3196 381 3269 ιιιιοστιισιισς
403 3212 431 3260 et
453 3197 560 3270 οιίσιίις
587 3193 713 3260 accurate
732 3205 891 3276 disputatur
912 3206 939 3259 in
962 3204 1055 3259 Annal.
1072 3204 1133 3260 Ee-

108 3287 176 3344 eles.
194 3290 233 3345 62
257 3305 272 3343 a
294 3305 322 3343 n
335 3291 402 3346 rut.

198 3375 298 3431 tusc.
329 3367 447 3449 λέγοι-σι
475 3367 536 3449 γὰρ
562 3367 664 3446 πάλιν]
710 3372 763 3428 lle
770 3373 822 3428 hoc
845 3372 967 3445 Apostoli
989 3373 1051 3429 loco
1073 3373 1131 3430 ride

109 3456 241 3513 llilarium
264 3457 282 3513 l.
296 3461 328 3514 ll
354 3457 387 3514 de
410 3459 505 3514 Trinit.
1223 3491 1226 3499 ·

197 3545 257 3602 603
274 3560 298 3599 c.
328 3537 420 3597 πάλιν
440 3537 572 3618 λέγουσι]
604 3542 667 3598 Vide
690 3541 805 3614 eundem
830 3541 910 3599 llilar.
934 3543 985 3602 l.7
1008 3543 1130 3602 de'lrin.
