2534 4154
465 314 754 365 nninnnvenstones
885 382 886 386 Ἴ
1081 301 1128 363 95·

112 475 150 529 id
166 470 299 527 Ieiunium
323 470 422 526 Esther
444 487 505 525 cum
527 470 696 527 hiardochaei
718 471 797 533 festo,
822 471 894 543 quod
917 479 975 526 erat
998 469 1123 537 Pharios,

106 557 154 613 hoo
176 565 219 612 est
241 555 365 611 Sortium
387 556 485 620 minus,
509 556 610 612 incidit.
643 556 721 623 Quod
742 555 856 628 proinde
879 554 1012 610 Ieiunium
1033 555 1125 612 minus

106 641 249 697 existimari
277 641 373 713 possit.
420 640 517 696 Verum
546 642 769 698 summovendum
797 641 850 696 hoc
880 639 1010 695 ieiunium
1031 639 1058 695 in
1084 643 1122 698 13

104 728 180 790 hdar,
205 734 237 781 ut
259 742 272 779 a
296 725 445 780 Munstero·
459 733 486 780 et
509 725 682 782 Genebrardo
705 726 804 781 sactum
828 733 878 788 est,
902 725 974 798 quod
998 725 1126 781 118111-

104 820 198 884 pturae
220 810 387 865 authoritate
410 817 525 865 constat.
550 811 622 883 ,Nam
644 810 743 866 Esther
766 812 794 872 9,
809 812 857 867 22.
885 813 921 867 14
939 818 966 865 et
985 813 1021 866 15
1044 827 1126 866 men-

104 897 138 952 sis
161 897 234 951 Adar
263 895 333 950 inter
355 896 515 951 ludaeorum
545 895 613 951 festa
641 896 815 959 sanciuntur,
845 895 885 950 uti
914 894 969 950 sint
997 896 1056 950 dies
1079 894 1126 950 ilii

104 983 253 1052 epularum
274 996 308 1034 ac
330 981 465 1035 laetitiae.
510 979 569 1035 Non
591 980 674 1052 igitur
700 983 735 1037 14
759 979 802 1035 die
823 978 988 1035 ieiunahant.
1034 979 1124 1048 Quare

104 1066 135 1120 de
158 1066 264 1120 minore
287 1064 332 1119 illo
355 1065 466 1128 Ieiunio,
491 1065 564 1136 quod
586 1082 640 1121 una
662 1073 690 1120 et
711 1065 819 1129 festum,
844 1065 899 1121 sive
914 1062 1062 1121 Sabbatum
1078 1065 1123 1130 sit,

104 1149 217 1223 amplius
241 1149 425 1221 quaerendum
446 1149 560 1204 videtur.
618 1210 620 1216 ,

187 1224 254 1306 ἤτοι
279 1229 310 1289 ἐν
331 1228 458 1314 δευτέρᾳ
480 1226 670 1306 Σαββάτων]
708 1233 773 1288 Tres
797 1232 924 1289 duntaxat
946 1232 1124 1288 hebdomadis

104 1319 182 1374 ferias
207 1319 426 1374 commemoravit
449 1321 476 1383 2,
496 1321 601 1375 3114.
633 1317 679 1373 sed
702 1335 754 1373 una
779 1318 857 1374 etium
879 1326 999 1373 caeteras
1015 1335 1123 1373 συνεκ-

105 1398 233 1476 δοχικῶς
261 1403 417 1476 complexus
446 1412 497 1458 est.
542 1403 635 1475 Neque
664 1398 734 1458 enirn
764 1412 805 1459 est
833 1403 886 1458 ulla
916 1403 1000 1466 ratio,
1031 1419 1083 1458 cnr.
1107 1419 1123 1457 a
1222 1388 1226 1400 ⁸

105 1489 217 1544 caeteris
241 1504 288 1543 eae
312 1478 487 1544 solen'nitates
511 1496 662 1543 arceantur.
698 1487 764 1544 Nam
786 1496 923 1543 certamin
946 1487 1050 1542 dierum
1074 1503 1124 1542 su-

104 1573 228 1646 perstitio
257 1572 317 1637 ilia,
348 1590 428 1646 quam
451 1573 539 1628 iudaei
563 1572 707 1628 observant
730 1582 757 1628 et
779 1573 806 1628 in
829 1573 872 1628 lad
896 1572 1015 1626 Ramhan
1037 1586 1127 1644 expo--

104 1659 165 1723 suit,
190 1657 257 1712 nihil
279 1659 311 1713 ad
334 1657 407 1712 hunc
430 1659 520 1727 locum
543 1658 613 1712 iacit.
645 1657 682 1713 De
705 1674 758 1729 qua
780 1657 843 1712 alias
862 1656 1037 1712 disseremus.

192 1745 290 1798 16111.
326 1733 416 1798 ὁπότε
446 1738 496 1797 καὶ
525 1735 553 1797 oi
583 1734 816 1818 εἰδωλολάτραι]
854 1742 964 1797 Hieron.
988 1742 1020 1797 ad
1049 1740 1122 1796 ilier.

105 1831 186 1884 110.
210 1826 376 1891 Multarum,
400 1827 496 1899 inqiut,
520 1844 555 1882 111
578 1829 700 1898 quadarn
714 1835 799 1899 parte
813 1828 937 1897 pontium
953 1834 979 1881 et
992 1827 1122 1890 1111111111,
1143 1840 1145 1843 ’

104 1929 174 1984 puae
199 1912 324 1966 Iudaeae
346 1912 583 1983 Palaestinaepue
605 1915 726 1986 confines
749 1920 827 1976 sunt,
859 1928 946 1983 usque
968 1911 1050 1966 hodie
1069 1926 1125 1983 po·

100 1999 163 2069 puli
185 1999 430 2061 cirumcidantur,
465 2006 489 2052 et
508 1998 664 2069 praecipue
685 1995 814 2069 Aepyptii
842 2005 868 2052 et
889 1997 1032 2061 Idonnaei,
1059 1994 1124 2051 Am-

103 2083 234 2146 monitas,
258 2089 284 2136 et
305 2081 459 2145 Moabitae,
483 2091 508 2136 et
530 2083 619 2136 omnis
641 2084 718 2155 rapio
741 2082 973 2138 Sarracenmune.
1010 2078 1125 2136 11111-

104 2167 201 2240 gyptiis
224 2167 250 2221 id
274 2175 391 2222 testatur
405 2166 569 2224 Herodotus.
599 2166 719 2222 Meminit
738 2177 765 2222 et
780 2167 888 2238 Origen.
906 2174 998 2221 contra
1015 2165 1084 2220 Cels.
1097 2168 1123 2220 1.

194 2254 290 2308 1621.
320 2242 469 2326 τρυγόνας
491 2246 527 2307 δέ
546 2269 626 2328 φημι
647 2247 698 2306 καὶ
722 2246 901 2325 δρακαίνας]
941 2250 1009 2304 Ρ111.
1025 2252 1053 2310 9,
1072 2251 1122 2305 48.

103 2337 195 2409 Aeque
220 2337 387 2408 pestiferum
415 2337 523 2392 animai
550 2352 689 2401 araneus,
722 2337 823 2407 spinae
850 2337 881 2390 in
909 2335 992 2389 dorso
1021 2335 1122 2388 acuteo

102 2423 214 2476 accius.
254 2420 310 2476 Sed
331 2422 438 2476 nulium
459 2437 578 2492 usquam
600 2421 788 2475 execrabilius
811 2436 894 2491 quarn
916 2419 1015 2473 radius
1037 2434 1124 2489 super

104 2508 225 2562 caudam
247 2507 369 2560 eminens
392 2506 524 2575 imponit,
548 2522 632 2577 quarn
652 2506 743 2561 nostri
761 2505 943 2576 pastinacam
966 2504 1121 2574 appeliant,

105 2592 298 2663 quincunciali
318 2591 519 2660 mapnitudine.
558 2590 684 2645 helianus
708 2589 741 2644 de
763 2589 849 2643 hnim.
868 2590 895 2652 2,
915 2591 952 2644 50
975 2596 1124 2644 venenatos

104 2677 192 2748 pisces
216 2684 424 2739 commemorat,
455 2673 580 2746 gohium,
611 2675 770 2738 draconem,
794 2673 981 2738 hirundinem,
1005 2689 1122 2746 quorum

106 2769 193 2816 tamen
217 2761 289 2815 virus
313 2759 421 2814 minime
444 2759 543 2815 11111111
566 2761 610 2815 sit.
641 2763 675 2815 ht
697 2761 850 2832 pastinacae
872 2758 1122 2832 praesentissimum

105 2861 162 2901 esse
194 2846 282 2902 docet.
328 2844 366 2900 De
389 2845 524 2899 muraenis
547 2845 615 2901 Piin.
635 2847 717 2910 324
740 2861 893 2900 muraenae
914 2860 1023 2900 morsus
1044 2845 1123 2916 ipsa·

104 2947 165 2985 ram
187 2931 289 3002 capitis
312 2931 405 2984 cinere
426 2937 574 2985 sanantur.

271 3149 314 3204 111
338 3148 603 3204 11111111111111
627 3147 953 3204 vntuhrtrttnttonun.
1131 3149 1163 3200 66

190 3267 227 3322 De
250 3267 498 3323 Valentinianorum
521 3267 599 3339 nugis
622 3276 731 3340 praeter
752 3267 892 3322 Irenaeum
926 3265 1048 3337 aliosque
1070 3263 1124 3319 Ve-

107 3360 178 3408 teres
209 3369 240 3407 ex
268 3351 467 3408 recentioribus
496 3351 700 3424 diligentissime
728 3350 872 3423 disputavit
900 3348 1062 3404 Pammelius
1091 3349 1124 3405 ad

106 3435 253 3579 mmihi
271 3520 298 3577 b.
330 3513 450 3597 ἔφασαν
476 3515 535 3596 γὰρ
559 3512 653 3576 αὐτόν
674 3520 764 3593 τινες]
803 3517 987 3575 Phrehoniten
1009 3518 1124 3574 Nomum

106 3615 152 3662 rut
166 3607 370 3662 Praefecturam
394 3622 482 3678 neque
505 3606 575 3678 apud
591 3606 784 3671 Ptolemaeum,
808 3621 898 3678 neque
921 3603 991 3690 apud
1009 3603 1125 3677 diligen-
