2534 4154
135 317 204 363 uti
547 309 739 363 sstttettattlt

110 392 124 428 0

137 469 230 530 nundi
256 476 303 523 aut
331 466 524 523 haereditatem
552 465 644 522 odium
672 464 800 521 adversus
823 480 885 520 eum
905 472 1065 537 pugnasque
1087 479 1154 519 sus·-

129 543 213 628 'cepf;
235 552 283 608 sed
305 553 348 622 fut
369 550 526 624 simpliciter
547 551 642 621 fatear)
665 548 759 615 doleo,
788 557 816 606 et
838 549 912 606 valde
934 548 1028 613 doleo,
1058 546 1153 603 videns
1242 544 1248 553 ’

136 637 267 713 plurimos
289 636 411 700 fratrum,
434 643 462 691 et
483 652 577 692 eorum
599 634 744 708 praecipue
766 634 813 709 qui
833 633 1030 708 professionem
1050 631 1154 690 hahent

136 739 192 781 non
213 721 363 783 minimam,
387 729 415 795 et
436 721 462 776 in
484 721 597 792 gradum
619 736 730 792 quoque
751 719 900 776 Sacerdotii
920 718 1063 774 maximum
1086 734 1154 790 per-

137 814 277 871 uenerunt,
301 805 359 862 eius
373 803 595 878 persuasionibus
609 804 748 877 deceptos,
772 813 799 860 et
813 802 1014 876 perversissima
1030 802 1154 859 doctrina

136 888 212 951 ribos
235 891 320 946 factos
343 906 404 945 esse
426 886 549 945 diaboli’.
580 889 699 945 Curatur
721 889 804 962 igitur
825 907 840 944 a
859 887 998 962 sequendo
1014 896 1041 944 et
1056 887 1154 943 defen-
1244 894 1249 899 ’

44 1016 53 1033 .
137 975 225 1033 dendo
248 975 373 1048 Origene,
396 973 541 1038 monendo,
564 973 708 1055 hprtando,
730 973 894 1045 increpando
917 974 1044 1029 loannem
1063 989 1154 1044 qnan-
1198 1001 1208 1026 0

136 1061 243 1119 tamin
267 1076 296 1115 sc
319 1067 377 1115 erat
397 1057 546 1115 abducere:
571 1068 628 1114 tum
651 1058 683 1114 ad
706 1057 749 1113 sui
771 1057 971 1114 excusationem
994 1057 1091 1113 iterum
1105 1073 1154 1112 re·

135 1142 245 1209 labitur,
268 1144 432 1217 exponitque
453 1143 563 1209 facturn,
587 1143 660 1215 qnod
681 1152 710 1199 et
730 1143 863 1216 insignem
880 1142 938 1198 eius
954 1143 1042 1198 zelum
1057 1149 1154 1199 osten-

137 1229 185 1296 dit,
207 1229 234 1285 in
257 1228 374 1285 cavendo
398 1245 430 1284 eo
453 1228 526 1284 omni
547 1227 620 1302 quod
642 1235 733 1284 rectae
755 1227 893 1300 religionis
908 1227 1019 1300 puritati
1033 1236 1160 1300 quantu·

136 1315 303 1389 lumcunque
314 1311 605 1369 videbaturadversari.
628 1311 681 1367 Sed
688 1312 762 1373 >idem
773 1311 807 1367 ab
819 1312 1002 1369 iconomachis
1013 1312 1159 1369 hodiernis

136 1399 254 1474 pessime
277 1397 444 1455 intellectum
465 1397 593 1470 arripitur
614 1406 709 1452 contra
732 1396 926 1470 expositionem
941 1397 1096 1471 imaginum.
1122 1397 1158 1452 lm

137 1483 191 1547 huc
212 1492 303 1552 autem
325 1490 437 1556 apparet
464 1499 511 1537 eos
534 1480 618 1552 magis
640 1498 701 1537 csse
723 1481 833 1537 insanos
855 1481 991 1539 veteribus
1014 1482 1160 1538 iconoma—

137 1569 194 1627 obis
203 1598 216 1634 ,1
234 1568 362 1624 adversus
384 1584 454 1640 quos
476 1565 622 1621 Nicaenum
637 1566 660 1620 ll
682 1565 826 1623 concilium
849 1567 913 1640 egit.
958 1567 1023 1622 Nam
1045 1567 1090 1631 hi,
1120 1565 1157 1622 ad

137 1670 212 1711 suam
235 1652 368 1709 haeresim
389 1649 530 1723 Epiphanii
552 1650 662 1707 nomine
684 1650 889 1716 obarmaudam,
913 1669 967 1707 non
990 1659 1055 1708 sunt
1076 1650 1155 1708 abusi

137 1755 170 1795 eo
198 1738 272 1810 quod
300 1735 424 1808 sequitur
450 1734 537 1799 facto,
566 1734 614 1790 sed
642 1734 805 1792 affinxerunt
833 1746 927 1792 sancto
954 1736 1097 1810 qnamdam
1119 1735 1154 1792 ad

137 1820 319 1878 Theodosium
347 1819 538 1891 imperatorem
565 1819 721 1892 epistolam,
751 1820 779 1876 iri
801 1821 878 1877 cuius
901 1821 954 1877 fine
977 1823 1015 1877 sic
1038 1824 1063 1876 ei
1084 1821 1155 1877 seri-

136 1905 251 1978 psisset:
282 1903 369 1971 “Quia
397 1902 535 1960 multoties
562 1904 671 1960 locutus
694 1922 754 1961 sum
777 1922 839 1961 cum
862 1906 1052 1962 comministris
1075 1905 1153 1971 meis,

135 1996 167 2045 nt
188 1987 360 2044 auferrentur
381 1987 526 2060 imagines,
550 1997 676 2062 receptus
699 2007 754 2046 non
776 2007 835 2046 suin
859 1989 891 2046 ab
915 1991 969 2054 eis,
993 1980 1154 2063 nequean-

136 2072 193 2129 dire
214 2088 308 2128 vocem
330 2087 416 2127 meam
438 2071 534 2128 saltem
556 2073 695 2146 paululum
717 2075 790 2146 passi
806 2064 894 2131 suut''.
925 2076 999 2132 Hauc
1015 2093 1077 2132 vero
1093 2076 1154 2148 epi-

135 2156 232 2215 stolam
256 2157 342 2214 “falso
365 2157 575 2230 suprascriptam
599 2158 649 2213 diei
672 2159 790 2231 quidem,
814 2159 863 2215 sed
884 2177 938 2215 non
958 2177 1019 2216 esse
1033 2161 1154 2234 Epipha-

80 2238 89 2259 ’
135 2233 198 2310 riii,''
220 2258 307 2315 aeque
326 2258 359 2298 ac
381 2242 458 2297 aliam
479 2242 506 2296 in
529 2259 583 2317 qua
605 2243 767 2316 scripsisset,
792 2244 850 2301 “Ne
872 2244 1004 2303 inducatis
1022 2245 1152 2319 imagines

135 2327 163 2385 iu
185 2327 322 2393 ecelesias,
345 2343 434 2400 neque
456 2326 484 2382 in
506 2328 666 2384 coemeteria
690 2338 854 2394 sanctorum,
878 2330 925 2385 sed
948 2347 1037 2403 neque
1059 2330 1086 2386 in
1102 2331 1153 2386 do-

135 2430 209 2471 mum
231 2412 434 2479 communem;'’
463 2428 524 2468 cum
546 2411 637 2468 multis
660 2414 825 2471 ostendisset
847 2415 965 2488 synodus
988 2425 1040 2471 act.
1058 2417 1092 2480 6,
1122 2431 1152 2471 se

135 2498 244 2571 quidem
274 2505 417 2561 “sanctum
438 2496 545 2553 Patrem
573 2497 711 2555 doctorem
733 2499 868 2563 Ecclesiae
891 2500 1038 2557 catholicae
1060 2517 1151 2564 nosse,

136 2582 364 2655 conscriptionem
397 2582 477 2637 vero'’
506 2582 622 2639 abiicere
652 2584 751 2640 iterum
779 2584 940 2659 profitetur:
974 2586 1036 2658 quia
1065 2586 1153 2641 “haec

135 2664 271 2723 mendacis
294 2665 451 2722 assertionis
474 2668 636 2740 conscripta,
659 2686 729 2742 quae
751 2678 846 2726 contra
868 2668 1033 2725 venerabiles
1047 2671 1153 2743 ,imagi-

135 2766 184 2805 nes
206 2757 279 2814 sunt,
301 2750 429 2805 dicuntur
450 2749 559 2822 quidem
582 2769 597 2807 a
618 2752 779 2822 quibusdam
802 2753 831 2808 S.
847 2753 988 2825 Epiphanii
1010 2770 1080 2819 esse,
1104 2753 1153 2810 sed

135 2831 210 2897 nullo
232 2833 313 2889 modo
335 2834 424 2893 suuf’.
1039 2868 1041 2872 ·

221 2919 270 2976 23.
301 2918 391 2990 lpsum
413 2933 495 2989 porro
518 2917 627 2982 factum,
652 2918 728 2975 cuins
751 2919 893 2975 occasione
915 2920 983 2975 haec
998 2921 1076 2984 dicta,
1101 2938 1151 2976 au-

137 3002 240 3061 onnus
261 3001 378 3076 propriis
401 3001 458 3057 eius
474 3001 571 3059 verbis.
603 3002 775 3068 “Praeterea,
798 3003 894 3077 inquit,
918 3004 1004 3060 audivi
1019 3004 1151 3079 quosdam

135 3103 305 3145 murmurare
327 3095 421 3142 contra
443 3103 495 3151 me,
519 3087 581 3160 quia
604 3087 711 3160 quando
735 3088 815 3144 simul
836 3088 1016 3162 pergebamus
1038 3090 1071 3146 ad
1086 3107 1152 3146 san·

136 3183 210 3231 ctum
239 3172 329 3229 locum
357 3172 404 3244 qui
431 3181 542 3229 vocatur
569 3172 679 3237 bethel,
708 3181 740 3228 ut
767 3172 804 3229 ibi
831 3172 971 3230 collectam
1000 3183 1090 3231 tecum
1119 3193 1151 3232 ex
1181 3242 1183 3246 Α

137 3273 213 3315 more
235 3256 416 3315 ecclesiastico
438 3250 569 3322 facerem,
593 3267 621 3314 et
642 3257 776 3314 venissem
798 3257 832 3314 ad
853 3257 939 3314 villam
962 3276 1031 3332 quae
1054 3262 1152 3318 dicitur

136 3342 301 3409 Auablatha,
331 3342 508 3415 vidissemque
532 3341 569 3398 ihi
591 3343 758 3416 praeteriens
781 3343 918 3399 lucernam
940 3345 1094 3411 ardentem,
1123 3354 1150 3401 et

136 3427 346 3500 interrogassem
375 3427 434 3498 quis
462 3427 539 3483 locus
567 3436 653 3491 esset,
684 3427 889 3501 didicissemque
904 3446 976 3486 -esse
999 3431 1148 3493 eeclesiam,

138 3519 166 3568 ot
192 3510 336 3590 intrassem
363 3518 394 3565 ut
421 3527 542 3578 orarem;
569 3510 657 3567 inveni
685 3511 722 3568 ihi
743 3512 832 3569 velum
853 3514 975 3586 pendens
996 3515 1024 3571 in
1046 3506 1151 3571 foribus

139 3594 258 3653 eiusdem
281 3594 420 3660 ecclesiae,
434 3596 556 3675 ¹tinctum
572 3604 654 3670 atque
670 3596 815 3671 depictum,
838 3607 866 3655 et
878 3599 982 3670 habens
997 3599 1152 3673 imaginem,
