2534 4154
56 361 60 367 .
163 303 225 366 280
614 316 727 366 cerarii

163 475 356 530 odorationem
378 481 405 528 et
426 474 536 528 mltum.
568 471 645 540 Quod
666 470 700 527 ab
722 471 802 528 huius
824 470 876 527 loci
891 487 973 527 sensu
990 478 1043 526 tam
1058 469 1175 538 alienum

164 566 214 622 cst,
238 557 303 613 nihil
325 566 355 615 ut
376 557 461 630 magis
483 573 543 612 esse
565 555 660 629 possit.

341 776 384 832 tlt
408 775 573 831 HAERESlN
595 773 682 830 LXXX
704 773 994 829 unssnttnttotttttt.

253 895 328 951 root
346 910 370 950 c.
400 885 621 950 Moooalrovol
637 884 671 946 de*
686 873 768 947 οὗτοι
785 888 960 966 καλοῦνται]
988 892 1175 949 'llrcodoretus

164 977 264 1036 Hister.
287 981 369 1044 4,10
393 987 420 1034 et
441 978 460 1034 l.
480 981 497 1036 4
528 984 621 1034 contra
649 974 781 1032 Haereses
808 967 1049 1050 Maroialiovodc
1076 976 1176 1033 Graece

164 1055 297 1137 Εὖχίτας
317 1063 444 1136 appellari
466 1061 559 1118 scribit
581 1069 610 1116 et
630 1053 972 1133 ἓνθουσιασιὰς,,ι]ιιοι1
993 1056 1089 1125 &latu
1113 1061 1178 1116 dae-

165 1147 252 1204 nronis
274 1149 390 1221 correpti
412 1149 463 1203 vim
479 1146 549 1203 illam
566 1163 626 1201 csse
641 1144 758 1218 Spiritus
774 1145 862 1207 sancn'
876 1146 1065 1202 mentirentur.
1095 1145 1176 1202 lidcm

166 1242 193 1289 et
214 1231 382 1304 Adclpbiom'
403 1231 435 1287 ab
451 1230 592 1305 Adelphio
615 1246 696 1304 quem
711 1228 850 1286 Flavianus
864 1230 1049 1287 Antiochenus
1065 1230 1178 1287 damna-

165 1317 201 1372 vit
223 1326 250 1372 et
271 1309 458 1394 Εὖφημῖται.
493 1315 557 1372 Vide
578 1314 779 1371 l'heodoretum
803 1322 830 1371 et
851 1315 979 1371 Photium
1002 1333 1029 1370 n.
1047 1316 1096 1372 52.
1127 1315 1178 1384 on

165 1403 191 1457 in
215 1401 333 1458 Concilio
349 1401 412 1458 Side
433 1401 460 1457 in
476 1399 630 1474 Pamphylia
652 1398 794 1456 celebrato.
810 1399 1004 1456 condemnatos
1026 1417 1087 1456 esse
1102 1400 1176 1466 dicit,

164 1486 295 1559 pluraque
324 1487 356 1542 ad
384 1485 454 1541 idem
482 1485 636 1542 institutum
663 1484 769 1540 relent-
801 1484 881 1557 Origo
904 1501 967 1540 vero
989 1484 1177 1559 appellationis

164 1570 236 1626 illius
259 1570 292 1626 ab
314 1570 444 1627 Hebraico
466 1587 531 1626 voce
554 1568 704 1625 deducitur.
733 1568 798 1625 Nam
821 1565 887 1629 tebit
910 1577 952 1624 est
972 1587 1060 1635 orare,
1083 1587 1178 1642 preces

163 1655 286 1712 fundere
317 1655 392 1711 llnde
414 1647 572 1732 ιιέιιιι“
542 1671 570 1709 οι
586 1644 750 1727 εὐχόμενοι.
778 1657 816 1710 Ac
830 1652 943 1728 proinde
960 1647 1179 1720 Μεσσαλιανός

164 1758 214 1814 per
235 1757 267 1841 ι,
281 1756 350 1812 quae
372 1747 414 1796 est
435 1740 519 1797 lorma
541 1739 653 1794 benoni.
917 1757 920 1763 ·

247 1808 327 1898 ἦσαν
348 1818 381 1880 dt
401 1843 461 1900 προ
450 1817 593 1901 χρόνον
616 1812 708 1897 τινός]
739 1822 841 1897 lluplcr
856 1822 1075 1879 Massalianorum
1091 1840 1178 1897 genus

166 1907 348 1980 distinguitur.
378 1908 441 1963 Naro
465 1908 508 1963 alii
531 1915 608 1963 erant
629 1907 802 1981 antiquiores,
826 1908 948 1980 merique
970 1908 1095 1982 gentiles.
1128 1907 1178 1964 Alii

166 1990 199 2048 ab
221 1991 280 2047 istis
301 1993 441 2065 propagati
464 1992 643 2048 Christianum
665 2008 763 2047 nomen
786 1991 961 2066 usurpabant.
992 1992 1029 2048 lte
1051 1993 1174 2066 superio-

86 2106 88 2111 ·
158 2092 227 2133 rum
256 2084 389 2132 vetustate
415 2084 490 2132 certo
516 2075 688 2149 pronunciari
716 2093 771 2131 nou
798 2085 899 2171 potest.
943 2077 1008 2132 llam
1036 2076 1177 2151 Epiphanii

112 2218 113 2223 .
168 2160 244 2217 locus
267 2159 700 2256 istcambiguitatenonvacat,
730 2160 847 2232 quaein
870 2160 1088 2235 interpunctione
1111 2179 1178 2218 oon-

166 2244 245 2301 sistit.
290 2245 394 2300 Etenim
424 2245 554 2318 suspicari
582 2262 728 2318 possumus
749 2245 787 2301 ita
808 2245 875 2302 hacc
898 2263 958 2302 csse
979 2246 1176 2302 continuanda:

164 2314 245 2405 ἦσαν
271 2323 304 2386 de
331 2348 390 2407 arpo
379 2321 521 2429 χρόνον
543 2323 623 2396 τινὸς
645 2322 686 2396 ὥς
708 2320 770 2386 ἀπὸ
791 2331 854 2387 τῶν
874 2331 989 2408 καιρῶν
1009 2327 1177 2388 Κωνσιαν-

168 2411 234 2472 rico
262 2409 312 2471 καὶ
341 2409 430 2492 δεῦρο
459 2404 545 2469 olion
571 2406 663 2471 πάλιν
683 2405 870 2492 Εὖφημΐται.
914 2416 1001 2490 Atque
1023 2416 1076 2472 hoc
1097 2424 1177 2489 pacto

167 2500 281 2573 priores,
305 2499 351 2586 qui
373 2508 400 2556 et
422 2499 555 2565 Gentiles,
580 2499 727 2556 Constantii
749 2500 806 2557 lere
828 2498 995 2574 temporibus
1017 2499 1177 2573 prodierint,

170 2584 246 2640 alteri
268 2601 340 2651 vero,
363 2594 489 2659 tanquam
511 2584 625 2641 istorum
646 2579 818 2658 propagines
841 2585 922 2659 paulo
937 2593 999 2641 ante
1015 2601 1095 2659 quam
1110 2585 1178 2640 haec

116 2668 330 2741 caellpiplianius
352 2677 588 2735 commentaretnr,
612 2677 787 2726 emerserant.
821 2668 919 2725 Verum
942 2685 1003 2725 cum
1025 2686 1079 2725 non
1094 2668 1177 2726 modo

167 2750 333 2807 Vrobeniana
349 2752 445 2818 Editio,
468 2753 514 2810 sed
538 2755 617 2809 etiam
639 2753 740 2810 calamo
763 2754 863 2810 exarati
883 2753 998 2818 codices,
1022 2761 1104 2829 atque
1120 2755 1177 2828 ipsa

168 2836 288 2892 Ceruarii
309 2836 495 2910 interpretatio
517 2848 579 2894 ante
601 2856 693 2895 vocem
715 2828 802 2894 ἄλλοι
825 2846 936 2912 etpost
958 2833 1062 2916 deripe,
1090 2839 1178 2895 inter·

168 2920 342 2994 punctionem
364 2920 517 2986 adhibeant,
541 2923 743 2980 existimandum
767 2931 808 2978 est
828 2923 929 2980 alteros
945 2923 1022 2988 istos,
1046 2923 1092 2996 qui
1106 2912 1178 2985 inter

168 3005 287 3062 Gentiles
315 3006 405 3079 potius
434 3007 590 3064 numerandi
619 3018 697 3071 sunt,
726 3024 897 3082 quorumque
921 3008 953 3065 ad
976 3006 1176 3064 similitudinem

167 3091 332 3166 posteriores
355 3092 474 3165 expressi
496 3101 573 3158 sunt,
597 3093 758 3150 vetustiores
780 3093 915 3158 extitisse,
937 3110 968 3149 ac
991 3100 1047 3148 tum
1069 3092 1176 3149 demum

169 3175 219 3231 snb
255 3176 402 3232 Constantii
435 3186 556 3251 tempora
590 3177 818 3235 semichristianos
849 3176 910 3234 illos
943 3187 1051 3234 exortos
1082 3177 1175 3234 inisse.

168 3261 354 3318 Tlreodoretns
383 3262 409 3317 in
437 3261 538 3318 Hister.
566 3262 668 3320 Eccles.
698 3261 908 3338 Imperatoribus
937 3261 1122 3318 Valentiniano
1150 3271 1177 3318 et

169 3345 277 3401 Valente
298 3346 469 3403 Messalianos
491 3347 623 3421 prodiisse
645 3346 753 3404 scribit:
775 3346 802 3402 in
818 3341 880 3421 gio
895 3346 934 3414 ,ab
956 3347 1106 3422 Epiphanio
1121 3365 1175 3404 non

168 3429 310 3503 discrepat.
340 3431 388 3488 llic
411 3427 482 3488 eninr
505 3425 547 3498 ὡς
568 3423 629 3489 ἀπὸ
645 3434 706 3489 τῶν
720 3432 835 3508 καιρῶν
848 3426 1075 3502 Κωνσιαντιόιι,
1097 3429 1176 3487 πλα-

167 3515 271 3580 zoroe.
286 3511 335 3570 καὶ
357 3508 548 3594 ἀπορητικοῖς
569 3517 671 3583 scribit,
695 3517 767 3592 quod
784 3517 817 3573 ad
832 3518 906 3574 initia
920 3516 1096 3573 Valentiniani
1112 3525 1177 3591 pot-

170 3606 211 3651 est
233 3601 347 3657 extcndi.
378 3601 455 3670 Quod
477 3603 499 3658 si
521 3602 596 3677 prior
616 3603 660 3659 illa
680 3602 888 3678 interpungendi
911 3602 978 3659 ratio
1000 3602 1085 3677 tnagis
1107 3601 1177 3659 arri-
