2534 4154
170 315 232 379 230
539 374 540 378 ,
627 326 741 376 aarum

169 486 271 549 cianus
294 479 397 552 aliique
415 480 546 537 liberandi
570 490 642 546 sunt,
667 483 713 557 qui
736 484 859 539 noudum*
885 486 984 558 agitata
1006 485 1190 559 explicataque

168 570 361 628 controversia,
385 583 480 638 parum
503 567 536 622 de
560 584 591 623 ea
614 569 755 624 commode
778 571 973 641 pronunciasse
988 570 1124 627 videntur.
1148 571 1192 626 Si-

168 655 230 710 mile
253 654 380 727 quiddam
403 651 436 707 da
459 651 586 724 dionysio
608 652 788 709 Alexandrino
811 655 892 730 tradit
914 655 1026 711 Basilius
1050 656 1136 730 Epist.
1152 660 1188 714 dl

168 748 195 797 et
217 739 290 796 alibi.

116 831 162 882 236
257 826 315 881 732
333 824 359 879 d.
391 814 456 878 οὐδ’
481 814 522 889 ὡς
540 815 742 889 anneum
759 818 932 900 προβολήν]
955 824 1066 881 Ηίοιοιι.
1082 826 1190 899 lipom

168 909 196 965 in
217 909 287 965 auu.
319 910 451 964 Habetar
472 909 610 979 Dialopne
633 910 712 979 apud
730 906 855 964 Graecos
874 907 1003 981 Oripenis
1025 919 1053 965 et
1068 909 1192 968 Candidi

173 994 391 1053 Valentinianae
414 995 574 1049 Haereseos
598 994 763 1064 defensoris,
787 993 848 1067 (in)
872 1010 941 1066 quos
963 997 1033 1050 daos
1055 992 1191 1052 Andaba-

105 1094 107 1100 ·
167 1087 211 1135 tas
232 1081 423 1153 dipladiantes
444 1080 519 1134 inter
540 1095 570 1133 se
591 1087 732 1150 spectasse
754 1095 797 1133 nte
817 1080 920 1150 fateor.
949 1079 1019 1136 Dicit
1036 1079 1189 1145 Candidus,

166 1165 272 1221 Ftttnn
294 1167 327 1218 de
351 1164 445 1218 Putris
469 1180 528 1218 esse
550 1165 719 1227 substantia,
744 1181 844 1219 errans
867 1166 897 1219 in
919 1182 960 1229 eo,
983 1167 1058 1236 quod
1070 1165 1191 1243 προβο-

167 1241 221 1324 λὴν
250 1250 360 1304 assent.
404 1248 431 1302 E
451 1249 566 1319 cepione
590 1247 724 1319 Oripenee
750 1250 832 1304 inacta
855 1251 952 1304 Ariana
974 1258 1000 1305 et
1020 1249 1191 1307 Eunomiam

166 1343 313 1408 repupnat,
337 1351 399 1388 earn
420 1335 464 1389 ael
482 1335 628 1406 prolatam
650 1350 727 1403 esse,
753 1335 798 1389 val
819 1343 925 1398 natam,
948 1351 983 1390 ne
1004 1335 1081 1390 Dens
1104 1337 1191 1392 Pater

166 1421 344 1476 dividatur
333 1436 364 1475 an
383 1425 491 1490 partes.
522 1418 655 1474 Marianus
673 1418 827 1492 Hieronymi
843 1420 1009 1475 Scholiastes
1031 1416 1192 1497 προβολὴν

166 1505 210 1561 λιιι
239 1510 299 1561 esse
327 1504 414 1560 credit
444 1505 641 1559 eccellentinrn
669 1512 696 1558 et
722 1498 843 1578 ἐξοχὴν,
873 1513 901 1560 et
929 1522 1021 1561 errare
1043 1515 1191 1580 propterea

167 1590 323 1653 Candidum,
347 1589 420 1662 quod
443 1581 550 1644 Pitrem
574 1587 792 1645 excellentiorem
809 1589 874 1645 Pilio
898 1589 1009 1646 diceret.
1039 1591 1094 1646 Sed
1118 1591 1190 1648 aliud

166 1685 208 1731 est
236 1668 374 1749 προβολὴ
404 1690 484 1746 quam
514 1675 690 1730 excellentia.
735 1674 828 1748 Neque
857 1675 928 1730 anim
956 1684 1031 1731 recta
1054 1676 1190 1750 quispiam

165 1750 305 1835 προβολὴ
328 1759 379 1814 dici
402 1767 503 1831 potest,
527 1760 579 1815 boe
602 1767 644 1814 est
666 1759 822 1815 excellentia
845 1760 947 1816 maiore
962 1760 1113 1833 praeditus.
1135 1763 1191 1818 lta·

165 1861 218 1915 que
241 1837 399 1919 προβολὴν
421 1843 577 1900 Valentinus
600 1843 807 1916 productionem
831 1845 962 1901 eiusmodi
985 1845 1112 1912 vocabat,
1136 1864 1190 1920 qua

164 1936 338 2001 procreatum
361 1926 393 1983 ab
416 1927 554 1983 deonibus
577 1929 666 1983 lesum
689 1929 837 1984 asserebat.
881 1929 1188 2004 Nimirumcomposito

164 2029 196 2067 ao
218 2012 367 2068 constituto
383 2011 536 2067 Pleromate
552 2022 580 2068 ct
595 2015 687 2068 deone
703 2014 839 2078 restituto,
865 2015 897 2070 de
913 2016 1051 2070 communi
1066 2018 1188 2072 omniurn

164 2097 315 2160 voluntate
336 2114 396 2152 oum
413 2097 602 2170 uuusquisque
617 2098 691 2169 quod
706 2096 823 2154 habebat
840 2101 1104 2171 praestantissimum
1120 2119 1189 2158 con-

163 2182 256 2248 ferret,
281 2199 379 2237 novum
404 2181 538 2254 quendam
561 2181 694 2254 prodiisse
716 2182 835 2247 loetum,
858 2182 982 2240 videlicet
1003 2185 1109 2250 lesum,
1133 2188 1188 2243 sive

165 2267 301 2324 Christum
317 2277 345 2323 et
360 2267 535 2323 salvatorem
566 2267 630 2322 Vide
646 2266 757 2323 Haeres.
776 2270 824 2331 31,
837 2271 882 2332 13,
907 2268 954 2324 ubi
968 2271 1076 2325 deonas
1091 2288 1187 2328 omnes
1238 2321 1242 2327 .

163 2353 201 2409 ait
222 2346 439 2431 προβαλέσθαι
462 2342 679 2429 πρόβλημαί
653 2369 695 2418 ες
716 2372 756 2424 rap
745 2372 808 2427 μην
821 2372 871 2408 και
865 2345 982 2421 δόξαν
995 2371 1051 2411 rav
1037 2352 1188 2412 Baliari.

163 2438 235 2495 Haec
258 2447 300 2494 est
322 2437 505 2493 Valentiniana
527 2429 676 2514 προβολή.
705 2437 813 2510 Alioqui
834 2432 992 2515 προβολὴν
1017 2439 1100 2496 Verbi
1117 2458 1188 2514 pro·

163 2524 320 2580 ductionem
342 2522 478 2596 appellare
500 2522 566 2577 nihil
588 2521 726 2595 prohibet.
750 2522 783 2578 Et
804 2523 967 2596 adrogorio
981 2524 1106 2581 Naziana.
1123 2543 1189 2584 cae·

164 2608 284 2679 terisque
307 2607 432 2662 Patribus
456 2606 536 2663 Verbi
558 2600 729 2680 προβολιυς
751 2607 831 2663 Pater
853 2609 1017 2665 nominatur.
1130 2645 1132 2649 ,

250 2694 310 2748 733
328 2691 353 2748 d.
377 2682 495 2767 ’Άριιος
512 2685 663 2765 'Ecaten
695 2691 789 2748 Scribe
805 2684 969 2767 Ἀιιθαλὴς
991 2704 1019 2750 et
1035 2687 1187 2768 Ἀχιλλᾶς.

162 2775 241 2847 Apud
263 2775 465 2831 Theodoretum
493 2779 554 2840 1‚4
583 2776 610 2831 iu
639 2777 693 2833 fine
715 2776 851 2850 Epistolae
874 2778 1015 2834 Alexandri
1045 2780 1077 2835 ad
1101 2772 1188 2854 ὁμώ-

162 2877 260 2932 νυμον
274 2859 601 2932 Constautinopolitanum
624 2861 806 2918 subiiciuntur
828 2879 922 2918 corum
945 2864 1064 2929 uomina
1086 2867 1136 2939 qui
1150 2866 1187 2923 ub
1211 2900 1215 2907 ·

163 2944 292 3002 Haeresiu
316 2945 538 3000 excopimunicati
561 2953 634 3010 suut,
658 2954 739 3021 atque
762 2963 794 3002 ex
816 2948 985 3020 Presbyteris
1008 2949 1082 3006 solus
1107 2951 1188 3008 Arius

162 3031 333 3087 nominatur·
372 3029 480 3085 diaconi
506 3046 569 3084 vero
594 3032 611 3086 9
641 3023 792 3104 Ἀχιλλᾶς,
829 3009 980 3103 Εὐζιιλϊος,
1008 3027 1189 3106 Ἀειθαλᾶςς

161 3107 312 3193 Λούκιος,
337 3105 521 3190 Sceptiana,
540 3105 676 3186 Ἰούλιος,
700 3111 824 3190 Μηνᾶς,
840 3108 996 3195 Ἄριιος”
978 3136 1089 3196 caepae,
1110 3113 1187 3177 thil

162 3184 276 3268 idaliae

251 3281 376 3352 Θιιονᾶς
395 3278 517 3356 Λίβυς]
548 3283 610 3339 Fuit
632 3283 676 3338 hic
698 3283 849 3359 Episcopus
872 3287 1053 3344 Marmaricae.
1084 3289 1187 3347 ueri-

161 3381 205 3429 sto
228 3372 395 3444 mentiosest
417 3369 444 3424 in
466 3367 661 3442 Epistolalulii
676 3369 772 3441 Papae,
796 3389 877 3445 quarn
892 3373 1076 3446 Apologiaea
1098 3377 1186 3432 Atha·

149 3457 254 3513 nasius
281 3456 405 3514 inseruit.
451 3453 500 3511 Ubi
522 3454 664 3510 damnatus
686 3470 747 3510 esse
770 3456 869 3512 dicitur
890 3457 925 3514 ab
945 3457 1096 3515 Alexandro
1120 3460 1186 3535 Epi-

161 3557 245 3612 scopo
267 3541 447 3598 Alexandrino
476 3548 503 3595 et
525 3539 639 3595 Nicaena
662 3539 788 3612 syuodo,
818 3550 900 3616 atque
922 3560 937 3598 a
959 3543 1087 3600 Secundo
1111 3546 1188 3603 Peu-

161 3624 309 3698 tapoiitano
344 3626 502 3689 restitutus:
537 3641 626 3698 neque
660 3624 737 3680 cuius
770 3627 872 3684 onlinis
903 3626 984 3684 luerit
1010 3630 1189 3705 exprimitur.¹
