2534 4154
110 337 175 382 11111
525 335 551 386 s.
570 334 719 387 EPtrHANtl
749 335 753 342 '

116 501 158 549 ter
185 499 343 557 narrantur3
375 491 448 563 quod
475 490 545 547 idem
568 490 696 547 accidisse
719 491 824 548 videtur
846 490 923 547 alteri
945 491 973 546 S.
990 489 1132 563 Epiphanii

114 578 200 641 iacto,
230 575 306 631 euius
335 576 363 630 in
391 574 895 647 111181111111111111111111111111,
925 591 939 631 a
968 574 1048 640 nobis
1070 575 1131 630 data

112 663 155 719 23
171 660 294 726 Ianuarii,
316 660 353 716 ita
375 660 497 715 meminit
511 676 625 716 coaevus
641 661 734 716 loanni
749 661 887 724 Leontius,
910 660 1062 734 Neapolcos
1078 659 1133 733 Gy-

113 745 157 820 pri
179 745 448 820 episcopussaeculo
465 745 516 825 )’,11
540 763 566 801 n.
586 747 634 809 35
658 763 779 811 narrans,
803 745 920 828 quodS.
936 746 1075 802 loannes
1079 745 1132 799 ‘di-

115 830 193 886 cebat
215 845 331 903 semper,
354 829 428 904 quod
450 838 545 924 posset
566 829 671 902 aliquis,
695 831 846 887 intentione
862 830 940 886 dandi
955 828 1130 905 pauperibus,

112 915 264 988 exspoliare
286 915 395 980 divites,
424 923 452 970 et
473 915 561 1010 ipsum
588 915 669 971 etiam
691 916 905 988 hypocamisium
927 913 960 972 ab
983 915 1022 970 eis
1044 913 1133 970 bene-

112 1000 173 1056 vole
195 1000 309 1064 aulerre,
333 1007 361 1055 11
383 999 495 1055 maxime
517 1000 540 1056 si
562 1007 626 1056 sunt
648 1000 729 1074 aliqui
751 1000 977 1058 immisericordes
999 1008 1028 1055 et
1050 999 1130 1054 avari.

114 1085 173 1140 lluo
196 1085 267 1141 enim
290 1085 395 1141 euhoe
417 1084 552 1150 lucratur,
576 1101 660 1140 unum
682 1084 792 1157 quidem
814 1085 877 1159 quia
899 1086 1000 1140 animas
1022 1083 1132 1140 illorum

112 1169 205 1234 salvat,
226 1169 340 1225 alterum
364 1178 468 1234 autem,
496 1170 557 1242 quia
581 1178 608 1224 et
629 1169 687 1241 ipse
709 1187 764 1226 non
786 1169 918 1226 modicam
940 1169 1002 1224 inde
1024 1185 1132 1225 merce·

114 1254 175 1310 dem
197 1254 288 1310 hahet.
319 1253 415 1310 Attulit
438 1265 527 1310 autem
550 1253 582 1308 ad
605 1253 791 1310 credulitatem
813 1254 887 1310 verbi
903 1263 931 1310 et
945 1254 1131 1310 testimonium

112 1355 201 1405 verax,
225 1339 297 1412 quod
321 1340 391 1396 circa
413 1338 441 1394 S.
457 1337 637 1411 Epiphaniam
660 1347 687 1394 et
710 1339 837 1395 loannem
860 1340 1017 1412 episcopum
1032 1337 1132 1394 lliero-

113 1424 279 1498 solymorum
302 1423 401 1481 lactum
424 1431 480 1479 est:
504 1423 641 1496 quomodo
657 1423 685 1479 S.
701 1423 867 1497 Epiphanius
889 1441 939 1497 per
961 1431 1046 1479 artem
1069 1422 1132 1479 tulit

113 1519 254 1583 argentum
277 1509 454 1582 patriarchae,
477 1506 600 1563 videlicet
622 1508 729 1564 loannis
752 1508 881 1573 eiusdem,
907 1517 934 1564 et
956 1508 1030 1564 dedit
1046 1525 1133 1582 egen-

113 1591 211 1651 tibus''.
241 1594 298 1650 11111
321 1601 394 1650 11111
409 1601 467 1647 1111
482 1591 611 1648 utebatur
625 1592 653 1648 S.
669 1593 784 1649 loannes
799 1593 1049 1666 Eleemosynarius,'
1067 1593 1132 1648 dum

113 1679 258 1735 identidem
287 1678 398 1734 donatas
428 1676 500 1732 ultro
523 1678 557 1733 ad
579 1694 643 1732 suos
665 1694 732 1733 usus
754 1678 796 1734 vel
818 1679 898 1734 etiam
920 1679 1018 1751 petitas
1041 1687 1131 1733 vestes

112 1780 204 1828 novae,
227 1762 368 1818 vendendo
391 1777 421 1818 ac
443 1761 560 1834 pretium
580 1761 766 1819 distribuendo
782 1763 812 1837 in
824 1779 967 1836 pauperes,
993 1763 1132 1819 “suaviter

13 1873 16 1879 ·
113 1847 188 1920 quasi
210 1846 388 1902 vindemiabat
411 1846 556 1918 opulentos
579 1847 718 1902 homines'’
742 1864 805 1922 erga
827 1865 857 1904 se
872 1847 1024 1904 beneficos:
1048 1861 1131 1922 quam

110 1948 164 2004 qua
186 1947 253 1986 usus
275 1929 386 2003 lingitur
406 1931 588 2003 Epiphanius,
612 1932 658 2004 qui
680 1941 872 2005 argenteorum
894 1949 1034 1997 vasorum,
1057 1932 1132 1988 velut

111 2015 143 2070 ad
166 2015 304 2087 hospitum
320 2017 499 2087 quorumdam
515 2017 702 2072 tractationem
719 2026 814 2073 mutuo
830 2017 1013 2091 acceptorum,
1038 2023 1132 2091 “pon-

110 2100 161 2154 dus
183 2099 314 2155 librarum
330 2100 402 2155 mille
417 2101 653 2174 quingentarum,”
676 2101 761 2157 inscio
777 2102 885 2158 domino
901 2102 1051 2158 vendiderit
1065 2119 1131 2158 ero·

111 2186 275 2259 gaveritque
300 2202 330 2240 ac
352 2194 448 2258 postea
469 2185 496 2240 in
520 2186 639 2258 episcopi
662 2186 695 2241 de
717 2187 813 2243 iniuria
835 2187 888 2243 sihi
905 2187 973 2243 iacta
989 2188 1129 2261 querentis

109 2271 205 2327 taciem
229 2287 373 2344 exspuens,
398 2287 460 2327 eum
483 2271 673 2327 excaecaverit.

199 2358 245 2415 18.
292 2357 355 2411 Tam
385 2357 457 2412 enim
485 2356 702 2412 circumstantiae
731 2372 779 2412 eae
806 2356 889 2412 salsae
911 2372 972 2412 esse
994 2356 1128 2421 videntur,

109 2458 191 2514 quam
215 2442 289 2515 quod
310 2442 381 2497 idem
402 2441 533 2506 loannes,
562 2450 673 2515 recepto
696 2441 793 2497 deinde
814 2441 849 2496 ad
869 2458 964 2515 preces
987 2441 1130 2514 Epiphanii

109 2526 168 2580 visu
195 2527 275 2581 unius
304 2527 389 2582 solius
418 2527 505 2592 oculi,
535 2527 703 2600 “castigatus
730 2535 757 2583 11
779 2527 918 2583 convictus
941 2543 956 2582 a
977 2528 1033 2583 viro
1055 2526 1129 2582 iusto

4 2664 12 2671 ,
108 2609 161 2664 luit
181 2609 308 2683 deinceps
332 2620 441 2668 sanetus
464 2612 490 2666 in
514 2609 664 2667 omnihus’ss
695 2611 752 2668 lloc
774 2628 838 2669 sanc
860 2612 894 2667 de
917 2629 949 2668 eo
972 2629 1028 2667 non
1043 2612 1130 2667 sensit

109 2691 284 2766 Epiphanius,
308 2697 416 2766 quando
439 2696 471 2750 ad
494 2696 628 2760 eumdem,
652 2697 686 2751 de
707 2696 874 2789 Origenianis
897 2695 1036 2752 erroribus
1058 2696 1130 2769 apud

110 2792 140 2832 se
162 2787 329 2849 suspectum,
353 2788 381 2833 11
402 2779 536 2834 immerito
559 2780 744 2874 indignantem
766 2780 828 2852 quia
819 2755 879 2834 8.
896 2780 1051 2852 hieronymi
1073 2781 1130 2836 ira-

108 2870 188 2927 trem‚
212 2862 399 2917 Paulinianum
421 2863 613 2919 monachum
606 2881 665 2936 ipse
687 2862 877 2936 presbyterum
900 2863 1046 2928 ordinarat
1070 2866 1131 2938 epi·

108 2946 207 3003 stolam
229 2947 352 3020 scripsit,
376 2964 455 3022 quam
478 2947 511 3003 ab
534 2948 651 3020 ipsomet
672 2947 700 3004 S.
716 2947 879 3020 Hieronymo
902 2947 1033 3003 habemus
1055 2949 1132 3004 Lati-

108 3032 194 3088 nitate
222 3033 364 3096 donatam,
394 3034 446 3089 hoc
473 3032 621 3106 principio:
652 3031 821 3105 “Oportebat
850 3049 915 3096 nos,
945 3031 1127 3098 dilectissime,

109 3117 252 3174 clericatus
275 3118 380 3174 honore
403 3136 457 3175 non
480 3118 555 3174 abuti
577 3116 612 3175 ob
637 3116 806 3190 superbiam,
836 3116 883 3173 sad
906 3116 1029 3172 custodia
1051 3133 1130 3173 man·

108 3201 235 3259 datorum
257 3201 304 3258 1111
333 3212 361 3258 et
388 3203 576 3260 observatione
604 3201 764 3276 dignissima·
787 3202 840 3258 hoc
869 3218 929 3258 esse
959 3202 1032 3275 quod
1060 3203 1130 3259 diei-

109 3303 232 3343 mur...
262 3287 356 3343 Audivi
378 3289 449 3344 enim
472 3288 545 3361 quod
567 3296 672 3345 tumeas
695 3294 789 3343 contra
811 3300 870 3353 nos,
884 3295 922 3343 ,11
943 3287 1076 3353 irascaris,
1101 3296 1128 3343 et

108 3371 247 3428 miniteris
264 3372 384 3430 scribere
405 3374 433 3429 in
456 3381 590 3429 extremos
612 3372 680 3428 fines
702 3379 810 3427 terrae.
824 3412 852 3428 ..
875 3371 946 3428 Nihil
968 3373 1129 3429 1111111111-

107 3470 180 3520 mus,
203 3457 269 3513 nihil
292 3458 405 3516 iniuriae
427 3459 548 3521 lecimus,
571 3456 638 3512 nihil
659 3455 791 3513 violenter
812 3458 983 3514 extorsimus.
1013 3458 1043 3513 ln
1065 3473 1139 3513 mo·-

107 3542 229 3598 nasterio
251 3543 374 3608 fratrum,
398 3552 426 3599 et
447 3543 560 3599 fratrum
581 3543 798 3616 peregrinorum,
822 3543 869 3616 qui
890 3543 1042 3616 provinciae
1063 3550 1127 3598 tuac

105 3623 176 3680 nihil
197 3625 338 3692 deberent,
362 3635 390 3684 et
411 3636 525 3701 propter
545 3635 665 3685 nostram
688 3627 845 3701 parvitatem
867 3635 896 3684 et
916 3627 1034 3691 litteras,
1058 3643 1126 3702 quas
