2534 4154
502 345 792 397 antuinvenstoues.
1098 338 1160 401 tte

78 502 83 567 ’ς
149 524 152 529 ·
220 502 303 576 Atqui
325 518 356 557 ex
378 500 520 574 Epiphanii
543 502 648 557 ratione
671 501 838 575 colliguntur
859 502 922 558 anni
945 503 1074 562 duntaxat
1095 510 1158 567 ete

78 578 81 615 ³
135 587 277 645 alliluvio
299 586 333 642 ad
354 585 480 641 hhraami
502 594 602 641 ortum.
628 586 784 643 Differentia
807 596 850 643 est
866 605 1000 644 annorum
1016 593 1088 657 230,
1111 595 1159 669 qul

133 672 252 730 lntxx
265 671 409 728 Seniorttm
432 670 558 727 Editione
581 688 613 727 ex
638 674 697 728 130
717 671 816 727 Cainan
840 681 867 728 et
889 675 1012 730 centenis
1028 677 1158 735 Nachoris

131 765 315 831 consurgunt,
345 756 431 829 Vulgo
455 756 527 811 enim
548 755 656 812 Nachor
682 759 739 814 179
762 756 931 824 tribuuntur,
954 758 988 814 ab
1006 760 1159 835 Epiphanio

128 858 199 901 rete
223 845 273 900 te.
318 843 353 897 ht
373 856 437 896 vero
460 840 488 895 in
509 840 681 897 Praelatioue
703 842 785 896 huius
807 843 899 915 operis
922 852 950 899 ct
972 839 1004 899 in'
1021 850 1159 905 ancoratu

127 928 232 1006 p.1t8
255 926 363 984 easdem
385 925 444 980 illas
465 919 569 1000 γενεὰς
590 933 734 999 pertexens
757 926 857 988 (laihan
879 927 1003 985 inseruit.
1035 931 1069 987 Ut
1090 932 1158 990 illud

127 1020 271 1089 appareat,
295 1011 361 1066 Lxx
383 1010 527 1066 Saniorum
550 1010 697 1066 editionem
719 1011 771 1067 hac
792 1011 820 1065 in
842 1022 920 1085 parte
942 1015 1040 1070 variam
1063 1025 1092 1073 et
1112 1018 1158 1072 in-

84 1142 87 1147 ·
125 1097 295 1173 terpolatam
317 1096 411 1152 luisse.
441 1095 515 1150 Nam
529 1095 573 1150 alii
595 1096 702 1151 codices
719 1094 818 1150 Cainnn
840 1097 1018 1165 asciscebant,
1042 1101 1086 1156 alii
1109 1119 1159 1158 ex-

86 1196 89 1201 ·
124 1181 306 1261 pungebant,
337 1181 471 1253 siqnidem
502 1180 573 1253 apud
602 1179 749 1236 Eusebium
776 1180 847 1236 lldit.
878 1180 996 1239 Graecae
1023 1188 1087 1259 p.9
1124 1204 1157 1244 ex

96 1324 99 1329 .
124 1268 258 1327 enicano
280 1275 309 1323 et
330 1266 395 1321 Lllll
417 1265 625 1338 luterpretibus,
649 1281 700 1321 nec
722 1282 778 1321 non
800 1282 833 1320 ex
855 1266 1084 1325 Samaritanorum
1100 1271 1158 1328 lle·

126 1352 231 1412 braicis
254 1349 452 1424 exemplaribus
474 1350 502 1404 in
524 1351 606 1405 huius
621 1349 796 1423 genealogiae
811 1359 940 1409 contextu
956 1352 1055 1410 Cainan
1071 1356 1158 1411 ornis·

98 1472 102 1481 ·
129 1454 180 1496 sus
203 1445 255 1503 est,
279 1452 330 1493 nec
351 1451 485 1490 annornm
507 1451 612 1490 summa
634 1437 696 1492 942
720 1434 825 1491 excedit
845 1435 975 1492 adiluvio
990 1438 1024 1493 ad
1039 1439 1156 1497 natalem

127 1522 273 1581 Abinami:
302 1528 371 1596 quot
398 1519 522 1576 videlicet
549 1536 636 1575 annos
658 1520 824 1593 Epiphanius
854 1521 907 1577 hoc
936 1522 997 1578 loco
1019 1532 1179 1589 numerat„

131 1611 222 1680 Quare
243 1605 390 1663 Eusebium
411 1604 457 1678 hic
480 1604 588 1678 quidem
611 1613 722 1661 secutus
745 1613 797 1661 est.

217 1693 255 1749 lle
272 1691 390 1748 Gainano
410 1698 489 1745 vetus
513 1698 556 1746 est
577 1690 709 1762 quaestio,
733 1706 803 1763 quae
825 1707 840 1745 a
861 1690 1067 1749 recentioribus
1084 1693 1156 1750 varie

129 1776 277 1853 disceptari
307 1775 387 1832 solet.
431 1774 495 1830 llihi
523 1775 782 1848 praetermittendus
810 1776 921 1832 omnino
943 1776 1063 1842 videtur,
1093 1794 1155 1835 cnm

129 1880 183 1922 nec
199 1863 227 1920 ln
242 1860 373 1917 llebraica
389 1859 510 1923 veritate,
534 1861 627 1916 necin
643 1859 801 1915 Latinorum
817 1860 936 1917 editione
951 1868 1024 1919 extet
1038 1862 1155 1936 uspiam.

130 1950 211 2020 Quod
233 1946 305 2003 enim
326 1944 420 2001 vitium
442 1945 470 1999 in
491 1943 630 2000 Hebraeos
657 1944 765 2000 codices
786 1945 930 2018 irrepsisse
952 1948 1076 2004 nonntdli
1098 1958 1157 2004 sta·

129 2041 239 2098 tuuut,
256 2031 337 2086 nimis
364 2030 417 2085 hoc
445 2029 534 2085 otiose
555 2029 676 2102 fingitur.
721 2031 809 2086 Lucae
831 2032 983 2088 authoritas
1003 2034 1155 2107 gratiorem

130 2119 195 2177 tacit
221 2113 443 2174 controversiam.
488 2114 542 2171 Sed
567 2115 718 2171 ethnica
741 2116 792 2189 piis
815 2124 842 2172 et
865 2117 977 2173 eruditis
1001 2118 1063 2173 viris
1085 2118 1207 2180 iam-223

129 2204 236 2280 pridem
265 2200 431 2258 satisfactum
462 2209 513 2255 est.
560 2199 627 2255 Cum
656 2200 727 2256 enim
751 2201 915 2257 Graecorum
944 2202 1052 2258 codices
1073 2203 1154 2276 vulgo

131 2288 279 2346 Gainanum
301 2283 469 2350 exhiberent,
492 2284 588 2354 Lucas,
612 2285 659 2357 qui
674 2284 783 2341 Graecis
806 2284 951 2349 scribebat,
976 2303 1032 2342 non
1047 2286 1156 2344 aliunde

131 2372 317 2449 genealogiam
350 2370 429 2426 istam
460 2385 540 2443 quam
569 2385 601 2424 ex
624 2369 731 2425 illorum
753 2368 829 2424 libris
852 2369 1009 2442 exscripsit,
1038 2370 1155 2444 ideoque

106 2476 118 2483 ··
132 2468 160 2517 et
181 2453 475 2519 (laicarum-inseruit,
500 2470 581 2527 quem
604 2452 627 2508 si
649 2453 750 2526 alioqui
771 2454 1012 2526 praetermitteret,
1037 2456 1155 2514 Graecos

130 2544 205 2620 ipsos
235 2541 396 2599 offenderet.
440 2536 540 2606 Quare
559 2538 626 2594 nihil
648 2537 806 2594 alterutram
829 2539 856 2594 iu
877 2548 984 2612 partem
1006 2541 1154 2609 affirmans,

78 2682 102 2715 ι,
132 2646 198 2706 quas
219 2628 248 2684 in
264 2627 366 2683 Graeca
388 2623 507 2680 editione
529 2622 721 2698 generationes
742 2634 891 2697 repererat,
915 2625 1074 2699 simpliciter
1090 2628 1157 2684 red-

78 2740 83 2747 ·
116 2714 206 2779 didit.
251 2708 484 2781 Quemadmodum
507 2709 531 2764 si
557 2709 620 2783 quis
648 2708 796 2782 Aethiopas
820 2708 984 2767 Catholioam
1013 2713 1047 2769 ad
1073 2711 1155 2771 fldem

78 2799 282 2879 ',]-‚pcrducere
304 2795 407 2860 volens,
430 2811 525 2869 regum
540 2792 649 2848 illorum
664 2792 866 2850 successionem
882 2811 915 2852 ex
928 2796 1044 2871 vulgatis
1060 2814 1156 2855 eorum

85 2916 105 2927 --
128 2882 280 2943 ¹alunalibus
309 2887 482 2953 excerperet,
511 2879 620 2934 tametsi
648 2878 781 2952 quispiam
810 2880 933 2937 intrusus
960 2882 1155 2940 innumerum

99 2956 235 3039 ''hisset
258 2983 323 3023 non·
336 2965 404 3021 haec
426 2963 557 3020 Catholici
571 2962 728 3037 Scriptoris,
752 2966 801 3021 sed
822 2965 998 3031 historiarum
1021 2976 1049 3024 et
1062 2969 1156 3022 Anna·

128 3052 195 3113 tom
224 3069 286 3110 esse
314 3050 394 3123 culpa
422 3050 589 3106 crederetur.
634 3048 692 3105 Hoc
721 3066 772 3125 ego
801 3066 864 3107 oum
893 3051 1018 3107 Perrerio
1047 3060 1153 3116 nostro,

129 3136 271 3203 hnscnio,
295 3133 485 3200 Genebrardo,
509 3134 622 3207 aliisque
645 3133 733 3192 doctis
755 3143 783 3192 et
804 3135 857 3209 piis
879 3134 1064 3209 scriptoribus
1085 3151 1155 3210 pro-

129 3222 220 3284 habuc
243 3234 353 3280 censeo

166 3310 322 3366 d‘lda.
340 3296 436 3380 Ἔβερ
466 3296 500 3360 δὲ
523 3304 613 3384 γεννᾶ
639 3298 694 3360 τὸν
718 3297 833 3376 walda]
878 3302 1005 3359 blendum
1033 3312 1154 3367 estnon

129 3392 281 3471 Epiphanii,
315 3389 364 3447 sed
385 3387 516 3445 librarii
509 3406 536 3444 in
559 3405 736 3446 numerorum
757 3397 832 3444 nota
873 3388 938 3463 beg
960 3389 1053 3464 itaque
1076 3382 1155 3468 piel,

129 3484 175 3539 ut
181 3492 217 3539 ex
238 3475 365 3554 sequenti
387 3473 548 3532 collectione
570 3473 715 3571 perspicue
736 3480 853 3529 constat.

191 3565 317 3624 4730.
348 3551 428 3615 κατὰ
449 3551 483 3612 δὲ
504 3559 616 3636 ψῆφον
636 3549 739 3613 ἄλλων
759 3550 969 3636 αντιγράφων]
1015 3557 1153 3628 Quaenam

130 3652 173 3711 illa
194 3650 251 3753 aiut
273 3643 444 3720 exemplaria,
468 3658 538 3717 qnae
560 3642 594 3701 ab
616 3650 681 3700 ortu
694 3642 759 3700 Sem
781 3642 815 3699 ad
838 3645 877 3703 80
901 3643 944 3701 vel
959 3645 1006 3703 90
1017 3643 1153 3712 ansani,

200 3818 211 3831 ν
948 3741 1003 3794 12*
