2534 4154
474 326 763 377 uuiuioueusioues.
1093 313 1129 373 19

115 482 234 540 bularum
256 482 391 537 lasciviam
414 482 574 556 quibusdam
596 483 718 539 terminis
739 500 771 539 ac
792 481 922 537 limitibus
945 487 1128 539 coerceamus.
1150 509 1151 513 ,
1227 492 1236 514 ⁸

114 564 257 641 Cambyses
279 584 360 631 anno,
384 575 413 622 ut
436 569 536 623 author
558 576 599 623 est
615 568 778 633 Herodotus,
802 568 879 640 regni
901 567 944 622 sui
967 567 1062 640 quinto
1082 585 1130 622 111-

111 653 238 729 pugnavit
254 655 415 725 Aegyptum,
439 653 519 724 paulo
542 662 606 726 post
627 653 758 709 Amasidis
782 652 896 709 obitum.
927 652 966 707 Ad
989 652 1043 707 hoc
1059 660 1130 706 tem·

108 755 160 812 pus
176 754 224 792 sex
240 745 268 792 et
282 737 375 810 viginti
391 737 533 810 Dynastiae
552 738 584 793 ah
601 739 725 793 Africano
741 746 933 793 numerantur:
957 737 1020 796 anni
1037 739 1128 795 5159.

109 825 146 880 oe
169 821 309 895 Cambysis
333 822 442 877 exordio
465 821 581 878 dubitari
603 839 659 878 non
686 831 793 896 potest,
827 840 889 878 cum
912 830 940 878 et
962 839 994 877 ex
1016 821 1130 877 historia

108 919 135 966 et
163 925 197 962 ex
219 907 415 962 Astronomicis
444 906 677 963 observationibus
707 908 777 980 apud
799 908 984 963 Ptolemaeum
1005 907 1131 980 liquidis-

64 1042 67 1051 .
107 994 176 1050 sime
200 999 317 1075 coqstet.
348 991 479 1048 Convenit
502 1001 592 1048 autem
615 1009 686 1048 anno
708 993 770 1047 Per.
795 992 843 1047 lul.
869 995 961 1050 4185.
992 991 1131 1064 Ergoan-

106 1096 161 1135 nus
185 1077 243 1132 cius
266 1076 374 1148 Imperii
397 1078 527 1150 septimus
551 1077 641 1150 coepit
662 1094 732 1132 anno
757 1079 849 1142 4189,
874 1095 955 1150 quem
978 1093 1039 1132 esse
1062 1076 1131 1132 deh-

106 1165 199 1219 nimus
223 1160 314 1216 Mundi
338 1163 429 1218 3459.
474 1164 495 1215 A
519 1161 621 1216 Diluvio
650 1162 683 1216 ad
706 1163 759 1217 hoc
781 1170 889 1234 tempus
913 1161 975 1216 anni
999 1161 1130 1217 decurre-

106 1256 173 1304 runt
200 1248 289 1310 1803,
313 1262 367 1318 quo
390 1247 477 1319 spatio
500 1246 663 1302 continenda
681 1246 867 1320 Dynastiarum
890 1246 1042 1301 intervalla:
1067 1247 1131 1320 qui-

105 1333 160 1389 bus
190 1330 223 1387 ab
253 1338 316 1387 ortu
337 1330 461 1386 Abraami
490 1331 523 1386 ad
546 1330 683 1404 Cambysis
713 1332 836 1404 quintum
859 1330 992 1386 Eusebius
1014 1331 1130 1402 imputat

106 1434 195 1473 annos
223 1419 311 1474 1491.
353 1415 407 1472 Sed
428 1416 560 1471 Abraamo
583 1426 712 1472 nascente
741 1419 775 1473 16
799 1415 952 1488 Dynastiam
975 1415 1129 1470 inchoatam

106 1501 217 1567 scribit3
242 1517 257 1556 a
280 1518 334 1574 quo
357 1500 470 1556 discedit
492 1501 673 1574 Epiphanius,
697 1501 744 1575 qui
772 1502 806 1559 18
829 1499 930 1573 posuit.
976 1500 1010 1554 Ut
1032 1501 1128 1554 eodem

105 1595 242 1659 tempore,
266 1603 321 1659 quo
343 1586 515 1659 Assyriorum
531 1586 684 1641 Mounichia
708 1587 805 1659 coepit,
829 1584 976 1659 Aegyptios
998 1600 1128 1656 regnasse

105 1671 263 1735 dixerimus,
288 1687 349 1726 cum
372 1671 480 1728 illorum
501 1670 677 1743 primordium
700 1671 771 1726 circa
793 1687 894 1726 annum
916 1669 1049 1725 abiluvio
1070 1671 1127 1726 153

104 1756 248 1821 inciderit,
272 1756 399 1811 detractis
422 1755 535 1811 totidem
558 1755 634 1810 annis
658 1755 690 1810 ab
714 1756 868 1820 interuallo,
893 1755 966 1828 quod
988 1771 1003 1808 1
1024 1753 1127 1809 Diluvio

105 1842 139 1898 ad
170 1841 295 1914 quintum
318 1839 456 1913 Cambysis
487 1840 608 1913 elapsum
631 1849 686 1903 est,
716 1841 779 1895 anni
802 1848 966 1913 supererunt
992 1841 1071 1896 1650
1095 1837 1127 1893 ab

104 1925 302 1999 Aegyptiorum
325 1925 402 1979 initio
424 1925 458 1979 ad
474 1925 624 1998 Cambysen
639 1942 736 1998 usque,
761 1933 788 1981 et
803 1925 947 1981 Persarum
962 1925 990 1979 in
1006 1925 1128 1997 Aegypto

104 2011 285 2075 dominatum,
307 2027 359 2084 per
380 2009 496 2065 Africani
520 2009 669 2082 Dynamius,
694 2011 715 2065 si
732 2009 817 2076 lubet,
842 2009 1032 2082 dispensandi;
1055 2007 1129 2081 quod

104 2096 226 2153 otiosum
249 2112 280 2150 ac
301 2094 513 2167 nugacissimum
536 2102 587 2150 est.
628 2095 668 2150 Ad
690 2112 822 2151 summam
844 2095 890 2168 qui
905 2094 1129 2168 Aegyptiacorum

105 2181 244 2253 originum
267 2179 422 2243 historiam,
446 2179 640 2252 veritatemque
663 2182 793 2252 consequi
816 2180 922 2244 studet,
945 2177 1129 2252 postulatitias

105 2265 167 2322 illas
183 2265 312 2337 Scahgeri
328 2264 468 2328 Periodos,
493 2273 520 2319 et
543 2281 651 2320 omnem
667 2265 854 2338 Dyuastiarum
877 2279 1003 2336 pompam
1026 2261 1129 2317 reiiciat

104 2366 221 2406 necesse
245 2357 295 2413 est,
320 2365 351 2404 ac
373 2349 454 2404 certis
477 2366 507 2404 se
530 2365 662 2404 annorum
685 2349 830 2405 intervallis
854 2348 1012 2419 adstringat.

195 2436 253 2490 91.
291 2425 320 2488 οἱ
342 2429 373 2489 ἐν
395 2429 527 2490 Σικυῶνι
550 2427 583 2488 δὲ
604 2424 704 2506 μόνοι]
734 2434 772 2488 Ex
794 2432 890 2488 eodem
911 2430 1030 2487 Eusebio
1053 2447 1130 2486 sum-

104 2519 172 2595 psit.
204 2518 258 2574 Sed
279 2519 332 2573 hoc
346 2535 441 2590 parum
457 2518 581 2581 fideliter,
605 2517 679 2589 quod
692 2518 809 2591 primum
825 2517 1011 2590 Sicyoniorum
1028 2516 1129 2588 Regem

104 2603 172 2661 facit
195 2603 340 2676 Europem,
364 2620 426 2658 cum
448 2603 484 2658 sit
506 2603 577 2675 apud
591 2601 739 2657 Eusebium
761 2602 907 2658 secundus.
938 2601 1004 2658 Nam
1025 2602 1130 2675 primus

105 2696 154 2746 est
173 2688 332 2761 Aegialeus,
362 2688 407 2760 qui
431 2687 507 2742 annis
532 2689 569 2743 52
593 2687 723 2759 regnauit.
768 2686 836 2743 Huic
857 2686 964 2760 Europs
987 2687 1129 2751 successit,

106 2773 187 2830 cuius
209 2789 280 2828 anno
305 2774 344 2829 22
367 2773 488 2829 nascitur
509 2769 669 2827 Abraamus
703 2772 927 2844 Antiquissimum
949 2773 1003 2828 hoc
1024 2772 1052 2826 in
1074 2771 1131 2826 Eu-

106 2874 176 2930 ropa
197 2874 313 2931 regnum
335 2856 394 2912 suit.
427 2857 508 2913 Cuius
530 2856 558 2912 in
581 2856 658 2912 aunis
675 2858 784 2912 minime
800 2858 929 2914 authores
945 2855 1129 2914 consentiunt.

107 2943 165 2999 Sed
186 2958 283 3016 parum
305 2942 450 2997 admodum
471 2942 528 2998 fere
551 2959 645 2998 omnes
664 2941 764 2998 absunt
779 2959 793 2996 a
808 2942 939 3008 millenis;
963 2949 1032 3015 quot
1046 2939 1131 3011 Apol-

106 3026 223 3084 lodorus
251 3027 322 3099 apud
344 3026 491 3082 Eusebium
519 3035 652 3082 numerat.
697 3027 782 3082 Huius
811 3027 888 3099 regni
910 3026 933 3080 si
954 3027 1060 3082 initium
1083 3038 1131 3078 ex-

106 3111 219 3187 plorare
242 3111 381 3176 volumus,
412 3111 520 3174 eadem,
549 3128 601 3184 qua
624 3128 720 3184 supro,
750 3111 894 3176 methodo,
918 3107 1129 3166 considerandus

107 3204 154 3254 est
175 3195 245 3252 finis.
276 3195 434 3270 Postremus
457 3196 647 3269 Sicyoniorum·
667 3213 762 3270 regum
785 3195 937 3268 Zeuxippus
959 3193 1024 3258 fuit;
1053 3191 1129 3247 cuius
1144 3183 1170 3235 13

106 3289 174 3356 post
196 3280 300 3336 obitum
322 3283 507 3354 Agamemnon
530 3296 644 3354 regnum
667 3280 732 3336 illud
754 3279 866 3335 invasit:
890 3279 927 3334 ita
948 3285 980 3333 ut
1002 3276 1130 3348 deinceps

107 3383 190 3438 reges
212 3365 281 3421 nulli
302 3364 405 3438 proprii
428 3365 543 3429 fuerint,
567 3365 615 3420 sed
637 3365 823 3421 Sacerdotesz-
844 3362 951 3419 tametsi
974 3369 1036 3435 post
1059 3361 1131 3416 Zeu-

105 3451 221 3524 xippum
244 3449 388 3505 Pausanias
411 3449 585 3524 Hippolytum
613 3465 742 3523 regnasse
764 3447 872 3513 scribit,
904 3463 958 3520 quo
980 3446 1131 3520 imperante

108 3535 244 3609 Sicyoniis
267 3535 370 3608 potitus
393 3543 435 3590 est
456 3536 650 3608 Agamemnon.
679 3532 761 3589 Addit
783 3539 810 3588 ct
825 3532 997 3589 Lacestadom
1020 3547 1129 3605 regem3

108 3618 164 3678 sub
195 3637 250 3694 quo
279 3617 491 3676 assonensibus
516 3618 634 3694 Sicyonii
662 3616 767 3675 subacti
795 3625 869 3674 sunt.
915 3616 1027 3674 Constat
1048 3616 1138 3691 igitur-

941 3715 979 3766 ᾗ*
