2534 4154
131 301 191 362 102
251 291 255 309 '
587 271 700 360 durnin

127 463 254 545 μόσχον,
277 462 295 543 ἢ
319 459 394 522 ἄλλο
418 485 445 522 τι
468 469 621 536 τοιοῦτον,
645 459 692 522 ἕλε
695 484 756 541 γον,
782 457 917 563 δῶρον’
904 484 966 522 εστι
990 466 1083 521 τοῦτο
1108 469 1151 523 τῶ

133 547 251 634 Θιιῦ,“
236 574 251 610 o
275 547 377 618 θέλεις
399 547 461 618 ἵζ’
448 570 472 625 ep
475 569 521 606 ιοο
509 486 749 629 ὠφεληθῆναι,
769 549 818 606 καὶ
836 568 871 605 ov
862 541 1017 606 ’δύνασαι
1035 549 1150 624 λαβεῖν.

128 613 227 696 Verirm
257 638 375 694 solennis
406 637 448 691 illa
478 648 601 693 votorum
632 637 760 702 formula,
791 654 871 708 quam
900 654 932 690 ex
960 636 1019 690 llla⁰
1002 637 1151 708 gistrcrum

129 723 333 781 Commentariis
357 722 388 777 ad
411 723 490 777 losue
513 740 536 777 c.
555 726 582 779 6,
613 722 710 777 Masius
727 721 839 794 profert,
863 721 927 776 mihi
944 722 1094 778 certissima
1111 724 1152 778 vi-

129 810 216 865 detur.
261 808 326 863 Nam
357 824 418 862 cum
440 807 536 879 aliquis
559 808 631 879 apud
653 807 767 861 alterum
791 824 822 861 ex
845 808 895 861 hac
919 806 1034 862 formula
1057 817 1149 863 votum

127 894 270 957 edidisset,
301 907 351 951 ἰιι
375 903 483 951 nutam
508 904 556 952 nu
579 891 619 950 55
642 906 719 967 paup
748 891 904 965 Anptbcrna
932 901 957 946 et
980 909 1024 946 res
1048 894 1151 948 devote

127 987 200 1042 ecte,
230 978 361 1050 quicquid
381 978 453 1032 illud
474 979 523 1040 sit,
556 994 608 1048 quo
632 993 681 1046 epo
705 978 755 1030 tibi
773 993 905 1048 prosum,
935 977 1010 1032 nelas
1032 977 1151 1033 arbitra-

127 1063 227 1120 bantur
248 1062 322 1117 illum
344 1062 468 1117 beneficii
490 1079 591 1135 genere
614 1062 669 1116 ullo
693 1061 835 1133 prosequi,
867 1079 900 1116 ne
922 1070 1064 1134 parentem
1087 1064 1151 1134 qui-

128 1149 188 1204 dem
216 1149 320 1220 ipsum,
349 1164 383 1201 ne
413 1146 487 1219 quod
509 1148 564 1202 Deo
593 1146 696 1202 scilicet
724 1146 850 1202 devotum
880 1155 936 1210 est,
967 1147 993 1200 id
1022 1148 1148 1202 humanis

127 1233 275 1290 commodis
299 1233 404 1287 serviat.
436 1232 507 1287 llaec
529 1232 636 1286 blasius
668 1230 738 1286 Sane
761 1231 869 1304 quidem
885 1231 1080 1303 Paraphrastes
1097 1233 1150 1306 Sy-

128 1336 173 1374 rus
203 1317 296 1372 iisdem
325 1316 413 1372 verbis
441 1316 531 1371 locum
557 1317 632 1370 illum
660 1315 790 1380 reddidit,
819 1333 888 1389 quae
916 1315 986 1388 apud
1010 1316 1149 1373 Rabbinos

127 1403 265 1476 leguntur
306 1405 339 1456 nt
362 1402 510 1474 Scaliger
503 1420 530 1456 in
553 1401 686 1456 virulento
710 1401 755 1456 illo
779 1400 940 1456 'lrihaeresii
963 1400 1083 1458 Elencho
1108 1403 1150 1458 cl-

126 1487 244 1560 lipticam
266 1487 394 1559 loquendi
418 1487 549 1541 rationem
571 1488 607 1541 ita
631 1486 754 1557 supplet:
778 1475 941 1558 Acipev,‘³
925 1479 1011 1541 οέιλν
1026 1482 1086 1554 {³3³
1072 1489 1149 1559 ιμοῦ

128 1564 304 1649 ὠφεληθῇς,
326 1561 427 1647 πάσης
448 1588 485 1643 με
508 1564 584 1648 πρὸς
606 1565 640 1626 σὲ
661 1572 751 1644 τιμῆς
772 1566 938 1645 ἐλευθεροῖ.
964 1571 1017 1626 Sed
1040 1572 1093 1627 hoc
1117 1590 1150 1629 ex

128 1658 255 1729 opinione
278 1673 326 1710 sua
349 1643 504 1719 confictum,
530 1673 584 1711 non
608 1674 640 1712 ex
662 1657 777 1711 authore
799 1655 854 1710 ullo
879 1655 1080 1728 depromptum,
1105 1657 1149 1713 di-

126 1740 255 1797 vinationi
285 1757 316 1795 ac
344 1740 516 1795 coniecturae
547 1740 638 1812 potius
668 1749 710 1796 est
738 1757 817 1812 quarn
851 1749 942 1796 certae
970 1758 1000 1795 ac
1029 1741 1148 1814 liquidae

127 1825 230 1880 veritati
261 1823 444 1879 tribuendum.
489 1826 631 1882 Postremo
660 1826 687 1879 in
716 1826 768 1879 hoc
797 1824 892 1880 eodem
920 1825 1056 1898 Evangelii
1085 1827 1147 1884 loco

127 1908 227 1980 ellipsis
250 1908 300 1962 alia
321 1909 460 1964 manifesta
480 1919 535 1964 est:
560 1910 700 1973 nimirum,
725 1910 880 1983 quicunque
897 1911 949 1965 hoc
965 1910 1061 1966 dixerit
1076 1913 1147 1985 patri

126 2009 192 2056 sue,
222 1992 296 2046 nulla
324 1993 451 2048 adversus
475 1994 550 2048 illurn
573 1994 737 2066 obligatione
760 1996 978 2067 constringetur,
1009 1995 1050 2051 vel
1073 1996 1147 2053 nulla

126 2094 156 2133 re
179 2077 203 2132 ei
225 2077 415 2141 commodabit,
440 2078 513 2149 quod
535 2095 609 2133 num
627 2080 643 2135 9
668 2079 833 2151 Epiphanius
856 2080 984 2135 insinuat.

212 2163 312 2218 219³.
343 2153 399 2235 τὴν
420 2153 555 2236 tidenter]
579 2164 654 2224 Eort.
676 2163 714 2240 τῇ
736 2154 849 2244 o'drmp.

211 2248 313 2304 ntea.
345 2239 376 2303 ἓν
396 2265 428 2303 τε
451 2252 515 2315 τοῖς
537 2239 556 2303 ιλ
559 2246 641 2315 λλοις
668 2247 919 2322 καταριθμεῖται]
958 2248 1029 2304 llaec
1055 2250 1145 2305 minus

125 2332 248 2427 expedita
269 2349 300 2388 ac
322 2332 422 2405 liquida
444 2334 509 2390 mihi
531 2334 664 2398 videntur,
689 2334 849 2389 tametsiut
819 2344 958 2406 utcunque
981 2335 1145 2390 sententiam

125 2418 316 2490 expressimus.

210 2504 310 2559 2200.
343 2493 384 2568 ὡς
412 2495 581 2579 ὡρισμένης
608 2505 699 2561 τοῦτο
721 2496 851 2578 ἡμέρας]
891 2503 954 2575 Leg.
978 2497 1020 2568 εἷς
1041 2504 1144 2578 τοῦτο.

125 2585 266 2641 Caeterum
287 2589 394 2643 videant
415 2589 497 2644 huius
521 2590 649 2661 temporis
673 2588 805 2644 Haeretici
838 2605 982 2662 quemnam
1005 2587 1055 2642 sibi
1079 2607 1145 2663 per-

123 2669 281 2724 vicacissimi
304 2688 334 2726 ae
356 2672 491 2728 vanissimi
513 2675 613 2730 erroris
636 2675 793 2745 magistrum
820 2690 850 2727 ae
873 2682 1017 2745 patronum
1039 2675 1144 2731 ascive-

124 2753 192 2817 rint,
216 2753 280 2808 dum
302 2755 399 2810 ieiunia
422 2758 499 2811 statis
523 2759 690 2830 temporibus
717 2758 815 2813 indicta
838 2775 868 2812 ae
884 2767 1020 2814 certorum
1038 2758 1141 2814 dierum

124 2837 281 2910 religionem
305 2839 439 2894 damnant.

209 2924 269 2979 222
286 2940 309 2978 c.
339 2912 488 2997 η’τόνησα]
516 2925 588 2981 Eort.
613 2916 784 2998 ἐφθόνησα.

208 3009 309 3066 2230
339 3003 540 3083 Στησίχορον]
576 3010 748 3065 Stesichorus
776 3009 911 3065 fabulosas
935 3010 1052 3067 lleorurn
1075 3029 1143 3085 pro-

123 3092 211 3166 sapias
235 3093 423 3166 descripserat,
448 3104 477 3149 ut
499 3094 561 3150 alibi
584 3095 683 3150 indicat
704 3095 880 3168 Epiphanius

208 3179 308 3236 2240.
340 3172 396 3233 ecel
419 3159 513 3234 (λέ
475 3197 564 3236 aveat
586 3173 744 3256 τέσσαρες]
768 3181 890 3248 Quatuor
912 3182 982 3253 apud
1001 3181 1141 3257 Hebraeos

120 3256 354 3341 Δευτερώσεων,
379 3263 434 3319 sire
458 3262 640 3321 Traditionurn
664 3282 764 3338 genera
786 3274 939 3338 percenset.
970 3266 980 3320 l
1003 3248 1141 3340 estquod

121 3346 188 3403 llosi
209 3347 379 3405 inscribitur.
405 3348 531 3405 2Rabbi
552 3350 651 3406 hlaiba:
677 3350 846 3414 ennaea,
871 3351 925 3406 sive
948 3352 1027 3407 luda:
1052 3354 1142 3408 dds-

121 3447 337 3490 samonaeorum.
382 3434 499 3507 Eingunt
522 3444 612 3491 autem
635 3436 746 3509 lloysen
769 3439 808 3493 40
831 3436 882 3491 illis
906 3435 1016 3501 diebus,
1040 3436 1140 3509 quibus

121 3513 149 3569 iu
171 3527 263 3575 monte
285 3519 420 3579 constitit.
452 3530 560 3592 praeter
581 3521 694 3594 legem,
719 3521 796 3594 Legis
819 3521 1070 3594 interpretationem
1093 3539 1141 3578 ac·

121 3599 235 3672 cepisse,
259 3620 372 3678 eamque
395 3605 458 3660 LXX
481 3606 643 3671 senioribus,
667 3608 717 3662 hos
733 3606 887 3681 Prophetis,
912 3607 962 3663 hos
979 3607 1139 3681 Synagogae
