2534 4154
462 112 754 164 auinauruastouus.
1057 102 1121 164 269

167 270 271 337 postea
291 266 430 340 Lampsaci
455 276 654 332 convenerunt,
683 267 875 326 Valentiniano·
890 277 920 325 et
937 267 1050 327 tuente
1072 270 1126 326 im-

191 348 265 407 Sbus
288 352 372 408 fuisse
387 344 552 426 ὁμοουσίου
567 362 795 427 propugnatores.
824 353 981 429 begardum
995 356 1126 411 est‘euim

219 432 289 492 'lior
317 429 493 510 ὃμοιούσιον
526 440 570 516 τῷ
596 434 689 512 πατρὶ
717 430 772 494 τὸν
797 430 866 495 olda
892 433 988 514 λέγειν
1011 430 1126 515 ἠξίουν.

272 540 326 577 non
350 523 492 577 sozomeni
516 540 601 587 error,
625 524 672 578 sed
694 523 804 579 librarii.

273 608 297 662 ἰ.
329 599 506 673 Εὐσταίθιος
525 600 706 674 Ἐπίσκοπος
719 599 909 685 Ἐπιφανίας]
941 608 1028 666 Scrlb.
1040 601 1127 665 Ἔπι-

301 698 346 747 Ἧο
383 693 491 747 nomine
529 693 682 766 complures
717 702 873 748 censentur.
916 693 964 749 Est
993 696 1064 749 enim
1092 695 1127 750 ad

344 777 429 832 altera
450 778 484 832 ad
506 777 677 851 Euphraten,
702 778 752 833 alia
774 778 802 833 in
824 776 928 842 Cilicia,
952 787 983 834 ut
1005 780 1038 834 de
1060 779 1129 835 reli-

260 950 340 1014 οξιος
357 939 549 1018 Ἐπίσκοπος]
581 947 639 1001 Nou
662 947 743 1001 alium
765 947 864 1018 opinor
890 963 950 1002 esse
974 965 1053 1021 quarn
1069 951 1128 1004 Au·

186 1050 273 1087 „num
315 1032 364 1086 llic
387 1032 457 1086 euim
480 1033 650 1087 coniunctum
673 1049 735 1087 curn
757 1032 852 1086 Acacie
875 1048 998 1087 caussam
1022 1033 1128 1098 babuit,¹

125 1135 169 1172 ¹arn
199 1135 285 1189 eoque
315 1118 341 1171 in
366 1117 530 1172 Seleueiensi
560 1125 694 1172 conventu
723 1116 930 1171 aSemiurianis
953 1117 980 1171 iu
1003 1117 1127 1173 ordinem

103 1204 242 1265 redactus,
265 1202 381 1257 riuissim
404 1202 464 1257 illos
485 1202 513 1257 iu
536 1201 834 1274 Constantinopolitano
858 1200 976 1256 Concilio
999 1201 1124 1274 perculit.

104 1288 160 1344 Sed
183 1287 206 1342 si
228 1288 250 1342 is
274 1296 324 1350 est,
348 1288 445 1341 mirum
468 1286 558 1351 valde,
582 1286 718 1358 quomodo
741 1302 794 1341 non
817 1296 881 1358 post
903 1285 1048 1358 Georgium
1071 1286 1128 1341 sal-

103 1383 161 1429 tem
185 1371 391 1426 Alexandrinum
415 1371 621 1443 subscripserit,
651 1372 699 1444 qui
721 1371 815 1443 utique
837 1379 899 1426 aute
924 1371 1073 1427 orientales
1096 1375 1176 1427 etam

104 1459 191 1532 Syros
212 1457 361 1529 Episcopos
383 1457 562 1511 nominandus
585 1457 643 1511 luit.

195 1544 253 1598 874
271 1559 294 1597 c.
324 1535 523 1616 Huynpdarog
534 1532 715 1606 Ἐπίσκοπος
729 1535 922 1613 Πηλουσίου]
950 1541 1001 1608 Qui
1024 1549 1052 1597 et
1067 1540 1129 1596 Sir-

103 1627 203 1683 miensi
226 1627 320 1682 tertiae
343 1626 508 1682 Prolessioni
531 1643 591 1681 cum
613 1626 718 1692 llarco,
746 1625 843 1681 Basilio
869 1642 899 1680 ac
922 1626 1036 1682 caeteris
1059 1625 1128 1682 sub-

105 1713 262 1784 scripserat.

194 1798 253 1853 875
270 1814 294 1851 a.
325 1788 354 1850 oi
374 1799 523 1869 νουνεχεΐς
542 1789 668 1871 ταύτην]
698 1797 792 1852 Variae
814 1805 878 1851 sunt
900 1796 933 1852 ab
955 1796 1060 1852 Arianis
1083 1796 1128 1851 di-

106 1882 193 1938 rersis
208 1880 376 1953 temporibus
392 1881 479 1936 editae
494 1882 677 1955 professiones
694 1881 892 1953 fidei,quaeu1u
908 1898 1004 1936 novem
1017 1881 1127 1937 omniuo

107 1968 140 2023 ad
164 1965 492 2038 Constantinopolitanum
522 1984 609 2040 usque
633 1966 860 2030 conciliabulum,
891 1966 965 2037 quod
994 1966 1130 2020 aSeleu-

107 2052 191 2108 elensi
213 2052 335 2124 proxime
357 2060 400 2106 est
422 2052 552 2116 habitum,
576 2061 700 2106 recenset
723 2052 863 2114 Socrates,
887 2050 935 2104 sed
958 2057 985 2104 et
1007 2051 1128 2105 Athana·
1178 2102 1182 2109 ,

107 2138 164 2192 sius
187 2135 234 2191 lib.
251 2136 284 2191 de
300 2136 400 2208 Synod.
425 2153 456 2190 ex
479 2153 533 2207 quo
557 2144 645 2192 tamen
669 2136 762 2190 decem
782 2135 956 2207 colliguntur.
985 2134 1059 2210 Quas
1074 2135 1128 2189 hoe

105 2221 168 2278 loce
191 2222 319 2293 attingam
342 2221 476 2275 breviter..

192 2306 280 2361 Prima
301 2306 364 2360 fidei
387 2299 507 2371 ίκθεσις
528 2304 685 2360 Antiochiae
701 2304 897 2358 Eucaeuiorum
920 2309 1043 2374 tempore
1058 2302 1130 2358 scri-r

106 2400 153 2465 pta
175 2391 329 2446 Marcellino
352 2400 383 2446 et
402 2390 519 2446 Probino
543 2390 618 2444 Coss.
642 2393 673 2444 Α.
692 2392 760 2452 341,
780 2388 827 2443 ubi
849 2389 882 2443 de
904 2381 993 2467 adalp
1015 2387 1128 2444 verbum

108 2476 222 2532 nullum.
267 2476 390 2531 Secunda
418 2478 445 2530 in
471 2475 565 2530 eodem
590 2474 768 2530 conciliabulo
792 2474 878 2538 edita,
907 2473 988 2546 paulo
1011 2473 1128 2546 longior,

107 2561 156 2616 ubi
178 2559 273 2616 llilium
295 2563 443 2636 μονογενῆ
464 2555 541 2616 θεὸν
562 2577 592 2615 ac
613 2561 669 2633 τῆς
690 2552 796 2624 οὐσίας
817 2552 920 2615 εἰκόνα
941 2559 1125 2615 nominarunt.

109 2647 199 2702 'l'ertia
221 2645 320 2701 ibidem
343 2646 568 2719 aTbeoplrronio
592 2645 753 2716 conscripta,
778 2661 847 2716 quae
870 2654 897 2701 et
919 2636 1025 2709 οὐσίας
1046 2660 1130 2699 voca·

108 2731 203 2786 bulum
232 2732 385 2804 supprimit.
431 2733 531 2800 Quarta
555 2747 657 2803 paucos
679 2739 742 2802 post
763 2746 871 2785 menses
893 2746 943 2801 per
963 2729 1126 2790 Narcissum,

108 2815 211 2880 liariter,
235 2816 356 2888 aliosque
378 2817 405 2871 in
421 2818 517 2873 Callias
541 2817 573 2871 ud
589 2816 763 2871 Constantem
779 2816 869 2870 missa.
901 2815 929 2869 ln
945 2813 996 2868 liae
1010 2811 1128 2867 damuati

109 2902 156 2973 qui
187 2901 307 2956 dicerent
335 2897 367 2968 ἐξ
390 2893 444 2957 οὐκ
466 2892 561 2958 ὄντων
583 2894 638 2956 τὸν
657 2893 739 2969 υἱὸν,
769 2893 787 2973 ἢ
812 2896 843 2966 ἐξ
865 2889 970 2972 ἕτίρας
989 2888 1128 2952 debead·-

108 3002 186 3051 σεως
214 2981 263 3040 καὶ
291 2979 335 3059 μὴ
365 2982 396 3041 ἐκ
423 2988 478 3043 τοῦ
505 2985 583 3043 θεοῦ
610 2980 769 3060 γενέσθαι,
799 2994 845 3039 aut
873 2983 956 3037 luisse
984 2980 1126 3052 aliquunde

108 3079 217 3144 tempus
240 3088 301 3126 cum
325 3088 379 3125 uon
403 3082 483 3128 esset.
526 3071 623 3140 Quinta
645 3079 709 3144 post
726 3068 871 3124 triennium
888 3068 914 3122 in
930 3067 1031 3122 ltaliam
1046 3065 1129 3121 missa

106 3149 324 3231 μακούστοχος,
347 3157 399 3211 boc
421 3166 464 3212 est
485 3157 594 3230 longior
614 3153 756 3227 appellata.
793 3154 878 3220 Quam
901 3151 1008 3232 quidem
1030 3149 1130 3206 Antie-

108 3240 186 3296 chiae
208 3250 361 3297 contextam
383 3242 410 3296 in
426 3241 573 3297 Annalibus
597 3240 713 3312 reperio.
744 3238 799 3293 Sed
820 3239 874 3293 hoe
895 3253 985 3309 neque
1000 3235 1128 3291 Socrates

106 3341 138 3381 ac
160 3327 339 3393 Sozomenus,
363 3344 453 3401 neque
474 3326 635 3381 Athanasius
657 3323 789 3378 referunt.
819 3324 850 3377 ln
872 3321 1001 3396 qua-cipe
1022 3312 1129 3387 οὐσίας

105 3412 209 3468 mentio
231 3412 315 3468 nulla.
346 3413 426 3469 Sexta
448 3413 475 3468 in
492 3410 610 3467 Concilio
627 3408 766 3465 Sirmiensi
784 3416 878 3464 eontra
893 3406 1040 3463 Pliotinum
1055 3405 1129 3462 edita
