2534 4154
115 301 157 365 84
343 238 348 259 x
566 307 681 373 reravq

114 488 175 527 con
199 467 343 529 lulianum,
373 463 420 518 ubi
452 461 586 536 perfidum
613 463 688 518 illum
715 463 880 537 transfugam
907 472 999 519 narrat
1026 481 1138 520 summo

113 570 165 610 suo
187 553 213 608 in
236 559 310 607 metu
332 566 363 604 ac
385 548 538 604 discrimine
560 547 592 603 ad
615 549 704 604 crucis
726 548 879 648 confugisse
901 549 1037 620 signum·
1044 566 1136 623 eoque

111 639 264 694 Daemones
287 635 403 707 fugasse,
435 628 481 688 ἐπὶ
504 627 557 688 τὸν
579 625 714 709 σταυρὸν
735 624 928 732 καταφεύγει,
952 628 1002 687 και
1022 624 1058 688 τὸ
1072 652 1137 689 τια-

114 712 200 777 λαιὸν
221 736 298 819 φορ
286 736 400 792 ιακον,
429 714 478 774 καὶ
506 711 607 817 τούτῳ
629 719 807 791 σημειοῦται
829 709 908 774 κατὰ
929 719 992 774 τῶν
1013 708 1136 793 φόβων,

113 800 165 861 καὶ
191 795 315 879 βοηθὸν
336 804 464 859 ιιοιεῖται
486 794 539 858 τὸν
562 775 653 858 ὁιιυκό
654 820 761 875 μενον,
790 798 840 857 καὶ
863 794 901 858 τὰ
923 792 992 876 ἑξῆς
1013 819 1136 900 φρικω-

114 881 278 988 de'oaequ
270 884 392 962 ι’σχυσεν
413 879 430 961 ἡ
454 882 600 963 σφραγίς
628 879 777 961 ἡττῶνται
800 905 827 942 οι
856 882 1012 960 δαίμονες·
1041 878 1136 942 λύον-

113 994 162 1032 ται
186 967 215 1029 οῗ
236 967 340 1051 φόβοι.
370 974 424 1028 Neo
447 972 567 1028 absimile
591 981 633 1027 est
655 971 728 1044 quod
750 971 783 1027 de
805 980 898 1027 sancta
921 971 1021 1026 lustina
1037 973 1135 1044 prodi-

113 1069 171 1115 tum
199 1068 256 1123 est,
287 1075 355 1132 quae
383 1075 443 1127 cum
474 1075 487 1112 a
511 1057 606 1112 iuvene
634 1056 751 1131 quodam
780 1055 813 1110 ab
842 1055 980 1113 libidinem
1008 1055 1135 1129 Cypriani

112 1144 181 1217 blagi
203 1142 305 1199 artibus
327 1143 509 1216 pelliceretur,
532 1141 681 1196 immissum
704 1140 755 1199 sibi
770 1139 934 1197 Daemonem
956 1141 1051 1196 eodem
1068 1159 1136 1197 cru-

113 1229 151 1284 cis
174 1228 251 1301 signo
274 1227 383 1300 repulit,
408 1227 481 1301 quod
504 1243 536 1282 ex
557 1226 690 1282 Eudociae
713 1227 850 1298 Augustae
874 1226 946 1282 Orat.
971 1226 1004 1281 de
1027 1225 1056 1281 S.
1080 1227 1136 1299 lly-

114 1313 208 1385 priano
231 1313 315 1369 resert
336 1313 450 1368 Photius
479 1327 505 1366 n.
524 1313 594 1368 484.
624 1301 697 1372 τούς
719 1327 749 1366 τε
771 1301 970 1381 βιαιοτάτους
1001 1306 1051 1366 καὶ
1071 1329 1135 1384 χα-

113 1391 309 1464 λειτωτάτους
330 1398 392 1453 τῶν
414 1387 568 1467 διἀιιονιον
588 1389 715 1467 πέμψας
737 1389 783 1450 e‘nr
806 1386 862 1468 τὴν
882 1388 1056 1469 παρθένον,
1083 1391 1135 1450 και

110 1475 340 1582 ῃοχυμμένους,
369 1477 419 1536 καὶ
449 1474 656 1579 νενικημένους
683 1480 754 1535 τοῦ
767 1481 905 1553 σταυροῦ
927 1480 970 1558 τῷ
993 1497 1082 1579 τυτιῳ
1102 1476 1136 1548 ἐξ

112 1560 216 1624 αὐτῶν
243 1558 408 1622 ἐκειναν’
390 1557 573 1637 αναμαθών.
617 1565 703 1636 Igitur
730 1565 786 1619 τοῦ
814 1566 950 1639 σταυροῦ
979 1565 1022 1642 τῷ
1045 1583 1134 1643 τυτιῳ

112 1652 224 1725 perinde
247 1659 277 1706 ut
299 1652 383 1706 altera
406 1649 449 1705 illa
472 1650 574 1705 lustina
593 1649 755 1704 Daemonem
779 1648 886 1722 lugavit.
928 1649 1022 1722 Neque
1043 1649 1135 1706 crucis

111 1737 240 1792 duntaxat
262 1752 388 1808 expressa
411 1735 505 1808 ligura,
540 1734 588 1790 sed
610 1734 689 1790 etiam
711 1733 740 1788 B.
764 1733 861 1788 blaciae
885 1733 1029 1806 Virginis
1022 1751 1136 1790 invoca·
1160 1727 1165 1735 ’

111 1821 195 1886 tione,
219 1829 250 1875 ut
264 1821 449 1875 Nazianzenus
466 1820 539 1874 Orat.
552 1821 587 1878 18
611 1819 741 1890 scriptum
754 1819 877 1892 reliquit:
905 1813 965 1873 Καὶ
981 1811 1037 1892 τὴν
1051 1837 1135 1894 τιαρ-

110 1899 204 1961 θένον
218 1900 351 1981 Μαρίαν
372 1894 548 1960 ἱκετεύουσα
560 1902 720 1978 βοηθῆσαι
736 1897 883 1982 παρθένῳ
898 1894 1133 1982 κινδυνευούσῃτ

110 1989 147 2045 m
167 1989 306 2060 Virginem
316 1989 441 2046 Μονὶαιιι
455 2004 560 2059 rogans
575 1996 605 2043 ut
616 1989 794 2060 periclitanti
814 1989 919 2059 virgini
940 2004 1020 2060 opem
1033 1988 1132 2058 ferret.

111 2074 193 2144 Quae
213 2075 281 2130 tanti
302 2075 389 2129 Patris
417 2073 566 2129 authoritas
588 2072 736 2129 hodiernae
765 2081 854 2128 sectae
888 2072 1048 2145 imperitiam
1078 2073 1135 2129 im-

109 2159 292 2234 pietatemque
315 2160 486 2216 condemnat.

199 2247 297 2304 tata
327 2236 522 2338 υποληοθτὶς
544 2236 577 2298 da
599 2239 753 2322 τελευτᾶν]
782 2242 868 2297 Antea
890 2233 1070 2314 legebatur
1052 2259 1133 2298 υττο-

109 2325 256 2407 luparia.
292 2330 377 2387 Vertit
400 2329 470 2385 euim
494 2328 575 2385 Corn.
597 2327 765 2399 relictaeque
787 2326 862 2381 uelut
883 2328 1044 2382 menturae.
1075 2327 1131 2385 Nos

110 2432 143 2471 ex
163 2415 248 2490 Regio
271 2415 368 2472 Codice
389 2407 585 2491 υτιοληφθείς
606 2412 785 2469 restituimus.
817 2411 895 2479 Quod
917 2420 944 2467 et
966 2412 1131 2470 narrationis

77 2490 194 2555 'series
217 2500 346 2573 postulat.
391 2501 484 2572 Neque
513 2499 584 2554 enim
617 2496 809 2554 moribundum
831 2497 993 2553 ludaeorum
1022 2498 1131 2569 cognati

110 2582 300 2648 deseruerant,
325 2602 394 2656 quos
417 2584 556 2656 Mysticum
579 2582 672 2638 illud
666 2599 852 2638 insusurrasse
875 2581 949 2639 dicit.
995 2581 1043 2637 Hic
1064 2582 1137 2655 Epa,

33 2681 41 2699 ·
67 2667 238 2738 uapbauium
267 2668 371 2722 otiosus
400 2668 507 2741 quidam
540 2676 656 2738 nugator
684 2668 781 2723 nimiae
814 2665 981 2723 credulitatis
1009 2677 1128 2732 accusat,

108 2750 182 2822 quod
203 2749 269 2805 lalsa
291 2751 381 2806 ludaei
403 2751 483 2807 unius
505 2759 552 2808 aut
574 2752 684 2808 alterius
707 2752 863 2808 narratione
884 2753 1011 2812 inductus
1034 2752 1130 2808 existi·

108 2833 220 2890 marerit
246 2834 384 2890 morituris
414 2834 539 2891 ournibus
571 2837 730 2909 mysterium
760 2836 825 2892 illud
849 2836 875 2890 in
899 2852 992 2893 aurem
1015 2837 1130 2893 immur-

107 2919 216 2974 murari.
246 2917 345 2974 Scribit
367 2919 438 2975 enim
461 2913 495 2975 τὸ
518 2911 589 2993 παρ’
613 2911 716 2976 αὐτῶν
738 2911 783 2976 ἀεὶ
805 2917 1031 2998 μυοτηριιοὸῶς
1045 2912 1128 2999 γινό-

104 3021 207 3079 μενον.
246 3004 343 3059 Verum
367 3013 396 3059 ut
418 3004 485 3059 haec
507 3021 582 3060 mera
604 3003 693 3060 labula
715 3005 765 3070 sit,
788 3006 889 3061 nullam
904 3009 1022 3063 vcumino
1045 3023 1128 3064 sanc-

105 3089 226 3146 tissimus
241 3089 322 3145 Pater
343 3089 448 3162 culpam
472 3089 522 3144 bac
544 3090 572 3145 in
594 3106 623 3145 re
647 3090 772 3153 sustinet,
796 3091 843 3163 qui
865 3091 974 3163 quoda
998 3091 1050 3148 lide
1066 3092 1129 3164 dig-

105 3175 148 3231 nis
175 3173 330 3231 bominibus
358 3183 514 3247 acceperat,
544 3173 715 3247 simpliciter,
743 3175 784 3230 uti
811 3185 950 3233 narratum
981 3177 1034 3233 sibi
1055 3185 1125 3243 erat,

106 3259 181 3316 nullo
211 3276 261 3315 suo
284 3259 445 3333 interposito
468 3252 566 3315 iudicio
594 3259 697 3315 retulit.
742 3259 812 3328 Quid
840 3270 883 3316 est
905 3270 997 3318 autern
1020 3279 1070 3319 cur
1092 3263 1127 3320 de

107 3344 214 3400 Christo
236 3345 383 3418 plerosque
404 3345 430 3400 id
452 3343 504 3400 sibi
525 3344 686 3401 ludaeorum
709 3348 878 3419 persuasisse
900 3345 1048 3420 putemus?
1071 3349 1128 3404 Ne·

106 3445 160 3500 que
188 3430 258 3485 enim
288 3429 431 3486 mentitum
458 3429 542 3486 luisse
563 3431 710 3503 losepbum
732 3431 863 3488 Comitem
891 3431 933 3489 rel
957 3433 1127 3490 Caldnianus

107 3513 158 3568 iste
180 3514 232 3569 nisi
254 3515 425 3588 impudenter
447 3514 562 3571 finxerit.

196 3600 294 3656 135³
323 3590 423 3668 ου’τιος
450 3595 592 3656 ἐπιτελεῖν
618 3593 882 3676 agricultorem]
923 3564 1005 3657 Naris
1037 3602 1126 3660 modia
