2534 4154
478 326 769 379 narninienstouas.
1071 311 1136 408 266

104 499 240 549 sensem;
265 481 411 555 Georgium
433 482 614 539 Laodicennm
635 484 778 548 brianum,
801 481 948 539 Eusebium
971 481 1134 538 Phoenicem

104 568 180 635 (boc
202 575 245 623 est
267 566 452 636 Emesenum).
481 567 560 636 Quod
580 566 614 624 ad
636 567 783 625 Eusebium
805 567 1006 624 Caesariensem
1028 567 1135 632 attinet,

103 652 243 711 Socrates
270 655 295 716 i,
309 655 343 710 l'l
368 651 462 708 scribit
485 653 573 709 ieiune
596 653 740 709 admodum
762 655 790 710 in
812 651 999 710 Ecclesiastico
1016 652 1136 716 historia

106 735 332 795 llanichaeorum
354 736 388 792 ab
411 736 456 794 illo
478 738 644 794 mentionem
671 755 732 795 esse
753 739 859 795 factam.
904 738 962 806 Qua
983 737 1017 793 de
1040 753 1136 793 caussa

107 831 200 881 totam
224 821 281 876 eius
304 822 445 878 historiam
468 838 500 878 ex
514 822 637 878 Archelai
653 823 760 896 scriptis
776 823 887 881 uberius
902 821 1022 896 exponit.
1046 822 1135 890 Quare
1232 875 1235 880 .

109 907 261 981 praecipuo
290 906 379 979 aliquo
408 906 477 963 libro
499 907 630 964 Haeresin
655 907 734 963 istam
756 925 929 982 oppugnasse
952 907 1058 981 ¹uidetur
1079 906 1136 962 En-

109 991 217 1049 sebiuS.
262 991 316 1048 Sed
343 991 417 1066 qnod
439 992 582 1064 Origenem
610 991 739 1048 adversus
760 992 930 1049 llanichaeos
960 991 1135 1048 elucubrasse

111 1075 407 1150 aliquidEpiphanius
440 1076 570 1142 affirmat,
604 1077 733 1149 temporis
766 1081 870 1134 ratione
903 1077 959 1149 ipsa
993 1075 1134 1133 refellitur.

112 1161 238 1221 llortuus
262 1162 332 1216 enim
355 1169 397 1217 est
413 1161 543 1234 Origenes
566 1162 643 1227 annis
666 1162 721 1217 fere
738 1163 777 1220 20
800 1170 945 1234 antequam
961 1161 1185 1222 Manichaeo-tuu

113 1263 176 1302 rum
198 1245 357 1318 superstitio
379 1247 406 1301 in
428 1245 518 1302 lucem
540 1254 702 1319 emergeret
732 1246 870 1319 Siquidem
885 1255 1026 1319 grassante
1041 1245 1143 1309 Severi.

113 1331 325 1408 persecutione.
339 1348 410 1386 anno
433 1331 491 1387 eius
514 1332 619 1405 imperii
648 1335 699 1395 10,
722 1332 768 1406 qui
791 1340 834 1387 est
856 1347 934 1388 aerae
956 1330 1134 1403 dionysianae

115 1417 187 1480 202,
212 1415 308 1473 aetatis
329 1431 430 1471 annum
453 1425 580 1488 exegerat
595 1420 641 1481 17,
666 1425 695 1472 ut
710 1416 843 1473 Eusebius
855 1417 952 1473 asserit
968 1418 996 1481 6,
1011 1417 1039 1473 3.
1063 1413 1135 1471 Obiit

113 1517 178 1557 vero
209 1516 279 1556 anno
307 1501 403 1556 aetatis
434 1503 472 1558 69
502 1501 652 1574 imperante
682 1500 772 1566 Gallo,
803 1502 897 1558 eodem
927 1501 1042 1561 authore
1067 1501 1133 1563 7‚l.

113 1585 218 1642 Auditis
247 1585 330 1658 igitur
351 1585 427 1641 annis
452 1587 489 1643 52
514 1595 544 1642 ut
568 1589 606 1643 69
633 1586 812 1660 impleantur,
842 1595 967 1643 mortuus
991 1595 1033 1643 est
1055 1600 1134 1641 aerae

112 1670 266 1735 eommunis
289 1686 360 1726 anno
384 1672 454 1734 254,
478 1670 522 1726 diu
546 1680 608 1726 ante
630 1671 800 1727 llanichaeae
822 1671 946 1728 factionis
969 1680 1069 1727 ortum.

202 1757 261 1813 639
279 1772 303 1811 c.
334 1750 359 1811 el
381 1748 415 1811 dl
436 1751 468 1810 ἐκ
490 1749 610 1831 φύσεως
638 1751 688 1811 καὶ
710 1749 789 1813 κατὰ
811 1750 989 1832 συνήθειαν]
1035 1755 1133 1812 Terrae

114 1849 205 1896 motus
235 1839 404 1896 naturalibus
433 1857 465 1895 cx
487 1841 589 1896 caussis
613 1841 676 1896 oriri
699 1841 778 1898 nimis
800 1837 950 1909 ἰδιυτικῶς
971 1858 1071 1915 negare
1093 1841 1135 1897 vi·

113 1925 203 1982 detur.
235 1924 313 1992 Quod
335 1933 363 1980 et
385 1926 455 1997 apud
478 1924 650 1981 Philastrium
672 1926 798 1999 legimus.

201 2011 261 2067 646
278 2026 303 2064 a.
332 2004 365 2064 ἐν
385 2010 424 2086 τῇ
446 2003 526 2087 ἀρχῇ
548 2005 583 2067 δὲ
597 2013 651 2085 τῆς
665 2009 876 2084 κοσμοποιΐῑις]
908 2011 967 2080 Qua
984 2028 1054 2068 anno
1070 2020 1134 2084 post

112 2093 209 2151 orbem
227 2094 366 2150 conditum
388 2095 502 2150 Abelum
520 2096 640 2155 ¹adamus
661 2097 797 2169 genuerit,
820 2097 924 2170 Moyses
948 2097 1041 2153 tacuit.
1086 2096 1146 2158 llic·

112 2194 185 2235 anno
209 2179 357 2236 centesimo
381 2189 492 2236 necatus
515 2181 622 2246 dicitur,
646 2199 707 2238 cum
731 2182 826 2238 aetatis
848 2190 941 2254 ageret
965 2184 1014 2239 30.
1058 2181 1147 2239 Unde-

113 2264 180 2321 Lxx
202 2264 311 2320 circiter
332 2281 403 2320 anno
426 2274 520 2320 natum
538 2267 668 2338 oportuit.
699 2266 753 2323 Sed
768 2267 835 2322 haec
851 2283 924 2322 mera
940 2266 1065 2321 divinatio
1082 2275 1146 2322 est„

113 2347 201 2405 Porro
215 2339 380 2405 ἑκατοστὸν
394 2367 444 2422 pro
463 2342 590 2405 {bancor
609 2350 805 2407 emendandum
817 2367 878 2407 esse
890 2367 970 2405 nemo
984 2367 1038 2405 non
1052 2348 1133 2406 videt.

202 2435 261 2490 642
278 2433 305 2489 h.
337 2427 416 2509 ἀρχὴ
437 2435 500 2489 τῶν
526 2437 581 2490 τοῦ
603 2428 778 2506 Madasuma]
822 2435 927 2490 Primus
956 2444 1133 2507 portentosae

113 2516 187 2585 illius
215 2517 340 2588 Haeresis
368 2527 554 2592 oppugnator,
588 2518 623 2576 ob
652 2520 734 2592 idque
761 2519 892 2592 singulari
918 2518 997 2576 laude
1025 2520 1132 2593 dignus,

113 2602 263 2659 Archelaus
286 2604 388 2668 extitit,
404 2604 463 2676 >qui
485 2603 604 2660 habitam
626 2621 692 2660 ase
714 2621 776 2661 cum
798 2605 957 2677 impostore,
970 2605 1135 2678 disputatio-

113 2704 176 2743 nem
199 2687 226 2742 in
250 2689 472 2744 commentarium
495 2689 608 2763 redegit,
632 2689 775 2762 omniaque
798 2689 915 2747 nefariae
931 2691 1134 2765 superstitionis

112 2788 212 2829 arcana
240 2774 376 2846 patefecit.
421 2774 459 2829 Er
487 2774 538 2831 hac
558 2774 681 2831 Archelai
710 2774 854 2832 collatione
883 2777 983 2833 caeteri
1005 2776 1133 2850 deinceps

112 2857 266 2913 hauserunt
294 2874 404 2923 omnes,
440 2859 486 2933 qni
520 2860 648 2916 haeretici
677 2859 749 2919 illius
782 2861 923 2918 historiam
950 2879 981 2919 ac
1009 2862 1136 2934 dogmata

112 2940 223 3014 seriptis
250 2943 438 3015 prodiderunt.
481 2943 602 3003 lleminit
622 2945 746 3001 Archelai
773 2946 800 3003 in
823 2946 1008 3020 Scriptorihus
1030 2947 1134 3003 Eccles.

112 3025 304 3098 Hieronicam.

201 3113 261 3169 644
279 3129 303 3169 c.
334 3103 413 3185 ὁμοῦ
434 3105 484 3168 καὶ
508 3104 524 3168 ὃ
546 3106 696 3187 θερισμὸς
717 3105 831 3192 ἄρχων]
863 3116 925 3172 Eor.
947 3108 1101 3192 θεριστής.

131 3258 134 3263 ‚
202 3196 306 3254 6451).
337 3190 430 3264 εἴτις
452 3190 571 3255 λούεται
594 3193 636 3265 εἰς
657 3193 692 3257 τὸ
714 3190 812 3274 ὕδωρ]
827 3250 830 3255 ,
846 3200 907 3256 Cor.
931 3193 963 3256 εἴ
978 3217 1024 3267 τις
1045 3194 1134 3256 loda-

112 3299 175 3353 ται,
197 3275 240 3347 εἰς
260 3275 295 3339 τὸ
317 3273 412 3361 ὕδωρ.
441 3281 474 3340 Si
495 3284 557 3356 quis
579 3284 667 3349 lauat,
689 3285 720 3340 ia
742 3301 845 3357 apuam
866 3302 947 3341 suam
969 3286 1135 3357 constringat

111 3383 249 3430 naamam.

130 3495 134 3501 .
201 3454 261 3510 646
278 3469 303 3508 c.
333 3445 498 3508 ἐνετείλατο
521 3444 555 3508 δὲ
575 3454 640 3520 τοῖς
660 3447 819 3525 ἐκλεκτοῖς]
856 3453 894 3509 lle
916 3453 1150 3512 Manichaeorum-

112 3535 294 3597 Audientihus
323 3545 350 3593 et
372 3536 470 3592 Electis
493 3537 548 3610 agit
570 3536 693 3610 pluribus
716 3537 742 3593 in
763 3538 832 3595 locis
853 3539 1030 3612 Augustinus,
1053 3558 1135 3615 prae·

114 3623 210 3685 sertim
232 3630 328 3679 contra
349 3621 502 3697 Eaustuma
517 3622 583 3685 item
604 3622 654 3696 Ep.
673 3626 721 3683 74.
803 3676 806 3683 ,
