<?xml version="1.0" encoding="UTF-8"?>
<!DOCTYPE html PUBLIC "-//W3C//DTD XHTML 1.0 Transitional//EN"
    "http://www.w3.org/TR/xhtml1/DTD/xhtml1-transitional.dtd">
<html xmlns="http://www.w3.org/1999/xhtml" xml:lang="en" lang="en">
 <head>
  <title>
</title>
<meta http-equiv="Content-Type" content="text/html;charset=utf-8" />
  <meta name='ocr-system' content='tesseract 3.04.00' />
  <meta name='ocr-capabilities' content='ocr_page ocr_carea ocr_par ocr_line ocrx_word'/>
</head>
<body>
  <div class='ocr_page' id='page_1' title='image "./epiphaniiepisco00epipgoog_0350.png"; bbox 0 0 2534 4154; ppageno 0'>
   <div class='ocr_carea' id='block_1_1' title="bbox 470 275 1123 375">
    <p class='ocr_par' dir='ltr' id='par_1_1' title="bbox 470 275 1123 375">
     <span class='ocr_line' id='line_1_1' title="bbox 470 275 1123 375; baseline -0.005 -13"><span class='ocrx_word' id='word_1_1' title='bbox 470 275 759 375; x_wconf 77' lang='lat' dir='ltr'><strong>ruturuvonsrouus</strong></span> <span class='ocrx_word' id='word_1_2' title='bbox 1058 298 1123 360; x_wconf 76' lang='lat'><strong>245</strong></span> 
     </span>
    </p>
   </div>
   <div class='ocr_carea' id='block_1_2' title="bbox 103 461 1216 3683">
    <p class='ocr_par' dir='ltr' id='par_1_2' title="bbox 103 461 1216 3683">
     <span class='ocr_line' id='line_1_2' title="bbox 105 461 1122 542; baseline -0.003 -18"><span class='ocrx_word' id='word_1_3' title='bbox 105 466 262 524; x_wconf 81' lang='lat' dir='ltr'><strong>discernere</strong></span> <span class='ocrx_word' id='word_1_4' title='bbox 284 465 362 531; x_wconf 86' lang='lat' dir='ltr'><strong>solet,</strong></span> <span class='ocrx_word' id='word_1_5' title='bbox 386 475 417 522; x_wconf 92' lang='lat' dir='ltr'><strong>ut</strong></span> <span class='ocrx_word' id='word_1_6' title='bbox 436 466 464 521; x_wconf 91' lang='lat' dir='ltr'><strong>in</strong></span> <span class='ocrx_word' id='word_1_7' title='bbox 480 466 559 522; x_wconf 75' lang='lat' dir='ltr'><strong>Haeo.</strong></span> <span class='ocrx_word' id='word_1_8' title='bbox 577 469 625 531; x_wconf 85' lang='grc'><strong>51,</strong></span> <span class='ocrx_word' id='word_1_9' title='bbox 640 469 688 524; x_wconf 79' lang='grc'><strong>26.</strong></span> <span class='ocrx_word' id='word_1_10' title='bbox 719 467 787 522; x_wconf 87' lang='lat' dir='ltr'><strong>Nam</strong></span> <span class='ocrx_word' id='word_1_11' title='bbox 807 466 861 522; x_wconf 86' lang='lat' dir='ltr'><strong>illio</strong></span> <span class='ocrx_word' id='word_1_12' title='bbox 883 477 951 540; x_wconf 84' lang='lat' dir='ltr'><strong>quae</strong></span> <span class='ocrx_word' id='word_1_13' title='bbox 967 461 1122 542; x_wconf 91' lang='grc' dir='ltr'><em>νυκτερινὴ</em></span> 
     </span>
     <span class='ocr_line' id='line_1_3' title="bbox 105 541 1122 629; baseline -0.001 -20"><span class='ocrx_word' id='word_1_14' title='bbox 105 551 222 624; x_wconf 81' lang='lat' dir='ltr'><strong>exempli</strong></span> <span class='ocrx_word' id='word_1_15' title='bbox 244 549 345 607; x_wconf 81' lang='lat' dir='ltr'><strong>oaussa&#39;</strong></span> <span class='ocrx_word' id='word_1_16' title='bbox 360 541 503 624; x_wconf 73' lang='grc' dir='ltr'><em>ἑνδεκάτη</em></span> <span class='ocrx_word' id='word_1_17' title='bbox 525 553 621 617; x_wconf 85' lang='lat' dir='ltr'><strong>luerat,</strong></span> <span class='ocrx_word' id='word_1_18' title='bbox 648 552 773 627; x_wconf 77' lang='lat' dir='ltr'>sequenti</span> <span class='ocrx_word' id='word_1_19' title='bbox 794 552 854 607; x_wconf 90' lang='lat' dir='ltr'><strong>lnoe</strong></span> <span class='ocrx_word' id='word_1_20' title='bbox 876 543 1002 629; x_wconf 88' lang='grc' dir='ltr'><em>ὴμερινὴ</em></span> <span class='ocrx_word' id='word_1_21' title='bbox 1025 547 1122 612; x_wconf 83' lang='grc' dir='ltr'><em>δωδε-</em></span> 
     </span>
     <span class='ocr_line' id='line_1_4' title="bbox 106 629 1122 714; baseline -0.001 -21"><span class='ocrx_word' id='word_1_22' title='bbox 106 630 184 711; x_wconf 88' lang='grc' dir='ltr'><em>κάτη</em></span> <span class='ocrx_word' id='word_1_23' title='bbox 208 637 313 700; x_wconf 84' lang='lat' dir='ltr'><strong>dieitur,</strong></span> <span class='ocrx_word' id='word_1_24' title='bbox 338 644 365 691; x_wconf 84' lang='lat' dir='ltr'><strong>et</strong></span> <span class='ocrx_word' id='word_1_25' title='bbox 387 653 455 708; x_wconf 90' lang='lat' dir='ltr'><strong>quae</strong></span> <span class='ocrx_word' id='word_1_26' title='bbox 476 629 602 714; x_wconf 86' lang='grc' dir='ltr'><em>ὴμερινὴ</em></span> <span class='ocrx_word' id='word_1_27' title='bbox 617 631 775 710; x_wconf 75' lang='grc' dir='ltr'><em>δωδεκάτη</em></span> <span class='ocrx_word' id='word_1_28' title='bbox 794 637 891 692; x_wconf 85' lang='lat' dir='ltr'><strong>dieitur</strong></span> <span class='ocrx_word' id='word_1_29' title='bbox 905 646 968 709; x_wconf 90' lang='lat' dir='ltr'><strong>post</strong></span> <span class='ocrx_word' id='word_1_30' title='bbox 983 655 1122 710; x_wconf 86' lang='lat' dir='ltr'><strong>vesperam</strong></span> 
     </span>
     <span class='ocr_line' id='line_1_5' title="bbox 105 712 1202 798; baseline -0.004 -20"><span class='ocrx_word' id='word_1_31' title='bbox 105 715 263 798; x_wconf 76' lang='grc' dir='ltr'><em>νυκτερινὴ</em></span> <span class='ocrx_word' id='word_1_32' title='bbox 285 712 518 798; x_wconf 86' lang='grc' dir='ltr'><em>τρισκαιδεκάτη</em></span> <span class='ocrx_word' id='word_1_33' title='bbox 536 722 669 777; x_wconf 89' lang='lat' dir='ltr'><strong>nominari</strong></span> <span class='ocrx_word' id='word_1_34' title='bbox 684 722 786 795; x_wconf 79' lang='lat' dir='ltr'><strong>incipit.</strong></span> <span class='ocrx_word' id='word_1_35' title='bbox 816 722 880 777; x_wconf 90' lang='lat' dir='ltr'><strong>Nam</strong></span> <span class='ocrx_word' id='word_1_36' title='bbox 896 741 911 777; x_wconf 94' lang='lat' dir='ltr'><strong>a</strong></span> <span class='ocrx_word' id='word_1_37' title='bbox 925 738 1037 795; x_wconf 89' lang='lat' dir='ltr'><strong>vespera</strong></span> <span class='ocrx_word' id='word_1_38' title='bbox 1052 723 1122 778; x_wconf 88' lang='lat' dir='ltr'><strong>diem</strong></span> <span class='ocrx_word' id='word_1_39' title='bbox 1199 769 1202 774; x_wconf 91' lang='lat'>.</span> 
     </span>
     <span class='ocr_line' id='line_1_6' title="bbox 106 805 1122 881; baseline -0.002 -18"><span class='ocrx_word' id='word_1_40' title='bbox 106 807 196 864; x_wconf 79' lang='lat' dir='ltr'><strong>exorsi</strong></span> <span class='ocrx_word' id='word_1_41' title='bbox 225 814 289 861; x_wconf 83' lang='lat' dir='ltr'><strong>sunt</strong></span> <span class='ocrx_word' id='word_1_42' title='bbox 316 805 437 862; x_wconf 78' lang='lat' dir='ltr'><strong>ludaei2,</strong></span> <span class='ocrx_word' id='word_1_43' title='bbox 455 806 514 861; x_wconf 88' lang='lat' dir='ltr'><strong>ideo</strong></span> <span class='ocrx_word' id='word_1_44' title='bbox 548 807 623 880; x_wconf 87' lang='lat' dir='ltr'><strong>prius</strong></span> <span class='ocrx_word' id='word_1_45' title='bbox 651 816 784 862; x_wconf 80' lang='lat' dir='ltr'><strong>nocturna</strong></span> <span class='ocrx_word' id='word_1_46' title='bbox 817 825 897 881; x_wconf 84' lang='lat' dir='ltr'><strong>quom</strong></span> <span class='ocrx_word' id='word_1_47' title='bbox 926 807 1020 862; x_wconf 88' lang='lat' dir='ltr'><strong>diurna</strong></span> <span class='ocrx_word' id='word_1_48' title='bbox 1049 809 1122 863; x_wconf 86' lang='lat' dir='ltr'><strong>huna</strong></span> 
     </span>
     <span class='ocr_line' id='line_1_7' title="bbox 105 884 1123 968; baseline -0.002 -19"><span class='ocrx_word' id='word_1_49' title='bbox 105 899 244 949; x_wconf 83' lang='lat' dir='ltr'><strong>censetur.</strong></span> <span class='ocrx_word' id='word_1_50' title='bbox 290 890 468 958; x_wconf 78' lang='lat' dir='ltr'><strong>Quamobrem</strong></span> <span class='ocrx_word' id='word_1_51' title='bbox 492 892 543 947; x_wconf 90' lang='lat' dir='ltr'><strong>etsi</strong></span> <span class='ocrx_word' id='word_1_52' title='bbox 575 894 748 968; x_wconf 80' lang='grc' dir='ltr'><em>νυκτερινῆς</em></span> <span class='ocrx_word' id='word_1_53' title='bbox 776 899 856 964; x_wconf 83' lang='lat' dir='ltr'><strong>atque</strong></span> <span class='ocrx_word' id='word_1_54' title='bbox 877 884 1021 966; x_wconf 73' lang='grc' dir='ltr'><em>ἡμερινῆς</em></span> <span class='ocrx_word' id='word_1_55' title='bbox 1042 909 1123 947; x_wconf 83' lang='lat' dir='ltr'><strong>voca-</strong></span> 
     </span>
     <span class='ocr_line' id='line_1_8' title="bbox 104 959 1123 1050; baseline 0 -18"><span class='ocrx_word' id='word_1_56' title='bbox 104 975 171 1032; x_wconf 87' lang='lat' dir='ltr'><strong>bula</strong></span> <span class='ocrx_word' id='word_1_57' title='bbox 198 993 253 1031; x_wconf 93' lang='lat' dir='ltr'><strong>non</strong></span> <span class='ocrx_word' id='word_1_58' title='bbox 280 976 457 1048; x_wconf 83' lang='lat' dir='ltr'><strong>expresserit,</strong></span> <span class='ocrx_word' id='word_1_59' title='bbox 488 969 658 1048; x_wconf 80' lang='grc' dir='ltr'><strong>ὁμωνύμως</strong></span> <span class='ocrx_word' id='word_1_60' title='bbox 679 993 744 1031; x_wconf 90' lang='lat' dir='ltr'><strong>usus</strong></span> <span class='ocrx_word' id='word_1_61' title='bbox 767 976 872 1030; x_wconf 90' lang='lat' dir='ltr'><strong>videtur</strong></span> <span class='ocrx_word' id='word_1_62' title='bbox 894 959 1021 1050; x_wconf 62' lang='lat' dir='ltr'><strong>aetpbpg</strong></span> <span class='ocrx_word' id='word_1_63' title='bbox 1042 994 1123 1032; x_wconf 89' lang='lat' dir='ltr'><strong>voea-</strong></span> 
     </span>
     <span class='ocr_line' id='line_1_9' title="bbox 105 1061 1122 1133; baseline 0.001 -17"><span class='ocrx_word' id='word_1_64' title='bbox 105 1061 181 1116; x_wconf 91' lang='lat' dir='ltr'><strong>bulo.</strong></span> <span class='ocrx_word' id='word_1_65' title='bbox 218 1061 283 1114; x_wconf 90' lang='lat' dir='ltr'><strong>Nam</strong></span> <span class='ocrx_word' id='word_1_66' title='bbox 306 1077 367 1116; x_wconf 81' lang='lat' dir='ltr'><strong>oum</strong></span> <span class='ocrx_word' id='word_1_67' title='bbox 385 1069 506 1133; x_wconf 72' lang='lat' dir='ltr'><strong>‘negata</strong></span> <span class='ocrx_word' id='word_1_68' title='bbox 535 1062 649 1118; x_wconf 84' lang='lat' dir='ltr'><strong>9Luna</strong></span> <span class='ocrx_word' id='word_1_69' title='bbox 682 1061 866 1132; x_wconf 77' lang='lat' dir='ltr'><strong>xerophagiae</strong></span> <span class='ocrx_word' id='word_1_70' title='bbox 889 1061 1050 1133; x_wconf 84' lang='lat' dir='ltr'><strong>principium</strong></span> <span class='ocrx_word' id='word_1_71' title='bbox 1073 1063 1122 1117; x_wconf 87' lang='lat' dir='ltr'><strong>de—</strong></span> 
     </span>
     <span class='ocr_line' id='line_1_10' title="bbox 106 1144 1195 1223; baseline 0 -22"><span class='ocrx_word' id='word_1_72' title='bbox 106 1145 184 1210; x_wconf 84' lang='lat' dir='ltr'><strong>duci,</strong></span> <span class='ocrx_word' id='word_1_73' title='bbox 208 1146 253 1200; x_wconf 85' lang='lat' dir='ltr'><strong>sed</strong></span> <span class='ocrx_word' id='word_1_74' title='bbox 278 1163 292 1200; x_wconf 92' lang='lat' dir='ltr'><strong>a</strong></span> <span class='ocrx_word' id='word_1_75' title='bbox 315 1145 430 1209; x_wconf 80' lang='lat' dir='ltr'><strong>decima,</strong></span> <span class='ocrx_word' id='word_1_76' title='bbox 454 1162 488 1200; x_wconf 89' lang='lat' dir='ltr'><strong>ne</strong></span> <span class='ocrx_word' id='word_1_77' title='bbox 511 1144 561 1200; x_wconf 91' lang='lat' dir='ltr'><strong>sibi</strong></span> <span class='ocrx_word' id='word_1_78' title='bbox 583 1146 734 1201; x_wconf 80' lang='lat' dir='ltr'><strong>contrarius</strong></span> <span class='ocrx_word' id='word_1_79' title='bbox 757 1145 815 1216; x_wconf 89' lang='lat' dir='ltr'><strong>ipse</strong></span> <span class='ocrx_word' id='word_1_80' title='bbox 837 1145 886 1209; x_wconf 87' lang='lat' dir='ltr'><strong>sit,</strong></span> <span class='ocrx_word' id='word_1_81' title='bbox 910 1146 943 1200; x_wconf 90' lang='lat' dir='ltr'><strong>de</strong></span> <span class='ocrx_word' id='word_1_82' title='bbox 965 1147 1123 1223; x_wconf 72' lang='grc' dir='ltr'><em>νυκτερινὴ</em></span> <span class='ocrx_word' id='word_1_83' title='bbox 1192 1174 1195 1178; x_wconf 21' lang='grc' dir='ltr'><strong>Δ</strong></span> 
     </span>
     <span class='ocr_line' id='line_1_11' title="bbox 105 1228 1123 1302; baseline -0.001 -15"><span class='ocrx_word' id='word_1_84' title='bbox 105 1229 325 1302; x_wconf 87' lang='lat' dir='ltr'><strong>interpretandus</strong></span> <span class='ocrx_word' id='word_1_85' title='bbox 349 1237 399 1285; x_wconf 87' lang='lat' dir='ltr'><strong>est.</strong></span> <span class='ocrx_word' id='word_1_86' title='bbox 434 1229 575 1302; x_wconf 80' lang='lat' dir='ltr'>Nunquam</span> <span class='ocrx_word' id='word_1_87' title='bbox 599 1231 668 1285; x_wconf 88' lang='lat' dir='ltr'><strong>enim</strong></span> <span class='ocrx_word' id='word_1_88' title='bbox 691 1228 827 1284; x_wconf 84' lang='lat' dir='ltr'><strong>Paschalis</strong></span> <span class='ocrx_word' id='word_1_89' title='bbox 849 1229 998 1285; x_wconf 86' lang='lat' dir='ltr'><strong>hebdomas</strong></span> <span class='ocrx_word' id='word_1_90' title='bbox 1020 1249 1035 1285; x_wconf 90' lang='lat' dir='ltr'><strong>a</strong></span> <span class='ocrx_word' id='word_1_91' title='bbox 1057 1232 1123 1287; x_wconf 88' lang='lat' dir='ltr'><strong>leria</strong></span> 
     </span>
     <span class='ocr_line' id='line_1_12' title="bbox 104 1304 1122 1392; baseline -0.001 -20"><span class='ocrx_word' id='word_1_92' title='bbox 104 1315 225 1373; x_wconf 87' lang='lat' dir='ltr'><strong>secunda</strong></span> <span class='ocrx_word' id='word_1_93' title='bbox 247 1314 368 1370; x_wconf 84' lang='lat' dir='ltr'><strong>inchoari</strong></span> <span class='ocrx_word' id='word_1_94' title='bbox 390 1323 490 1386; x_wconf 89' lang='lat' dir='ltr'><strong>potest,</strong></span> <span class='ocrx_word' id='word_1_95' title='bbox 514 1331 584 1387; x_wconf 90' lang='lat' dir='ltr'><strong>quae</strong></span> <span class='ocrx_word' id='word_1_96' title='bbox 606 1315 641 1370; x_wconf 92' lang='lat' dir='ltr'><strong>sit</strong></span> <span class='ocrx_word' id='word_1_97' title='bbox 663 1304 752 1388; x_wconf 83' lang='grc' dir='ltr'><em>ἐνάτη</em></span> <span class='ocrx_word' id='word_1_98' title='bbox 774 1308 928 1388; x_wconf 82' lang='grc' dir='ltr'><em>νυκτερινὴ</em></span> <span class='ocrx_word' id='word_1_99' title='bbox 953 1324 980 1370; x_wconf 83' lang='grc' dir='ltr'><em>ει</em></span> <span class='ocrx_word' id='word_1_100' title='bbox 996 1307 1122 1392; x_wconf 85' lang='grc' dir='ltr'><em>ὴμερινὴ</em></span> 
     </span>
     <span class='ocr_line' id='line_1_13' title="bbox 105 1392 1123 1476; baseline -0.001 -21"><span class='ocrx_word' id='word_1_101' title='bbox 105 1392 209 1476; x_wconf 76' lang='grc' dir='ltr'><em>ὀγδόη.</em></span> <span class='ocrx_word' id='word_1_102' title='bbox 240 1399 340 1455; x_wconf 83' lang='lat' dir='ltr'><strong>Contra</strong></span> <span class='ocrx_word' id='word_1_103' title='bbox 362 1416 424 1455; x_wconf 89' lang='lat' dir='ltr'><strong>vero</strong></span> <span class='ocrx_word' id='word_1_104' title='bbox 447 1417 509 1455; x_wconf 90' lang='lat' dir='ltr'><strong>oum</strong></span> <span class='ocrx_word' id='word_1_105' title='bbox 531 1417 546 1454; x_wconf 87' lang='lat' dir='ltr'><strong>a</strong></span> <span class='ocrx_word' id='word_1_106' title='bbox 572 1401 608 1456; x_wconf 92' lang='grc'><strong>16</strong></span> <span class='ocrx_word' id='word_1_107' title='bbox 631 1401 706 1454; x_wconf 86' lang='lat' dir='ltr'><strong>Luna</strong></span> <span class='ocrx_word' id='word_1_108' title='bbox 728 1398 1046 1456; x_wconf 86' lang='lat' dir='ltr'><strong>eiusdem-hebdomadis</strong></span> <span class='ocrx_word' id='word_1_109' title='bbox 1069 1401 1123 1456; x_wconf 87' lang='lat' dir='ltr'><strong>ini-</strong></span> 
     </span>
     <span class='ocr_line' id='line_1_14' title="bbox 104 1477 1213 1561; baseline 0 -20"><span class='ocrx_word' id='word_1_110' title='bbox 104 1485 174 1541; x_wconf 87' lang='lat' dir='ltr'><strong>tium</strong></span> <span class='ocrx_word' id='word_1_111' title='bbox 202 1484 288 1558; x_wconf 86' lang='lat' dir='ltr'><strong>repeti</strong></span> <span class='ocrx_word' id='word_1_112' title='bbox 311 1493 392 1557; x_wconf 76' lang='lat' dir='ltr'><strong>negat</strong></span> <span class='ocrx_word' id='word_1_113' title='bbox 413 1501 509 1557; x_wconf 90' lang='lat' dir='ltr'><strong>posse,</strong></span> <span class='ocrx_word' id='word_1_114' title='bbox 539 1484 641 1539; x_wconf 90' lang='lat' dir='ltr'><strong>Lunam</strong></span> <span class='ocrx_word' id='word_1_115' title='bbox 661 1477 807 1561; x_wconf 86' lang='grc' dir='ltr'><em>ὴμερινὴν</em></span> <span class='ocrx_word' id='word_1_116' title='bbox 826 1484 966 1557; x_wconf 83' lang='lat' dir='ltr'><strong>intelligit,</strong></span> <span class='ocrx_word' id='word_1_117' title='bbox 997 1486 1124 1557; x_wconf 86' lang='lat' dir='ltr'><strong>quaesit</strong></span> <span class='ocrx_word' id='word_1_118' title='bbox 1210 1500 1213 1505; x_wconf 57' lang='lat'><em>⁴</em></span> 
     </span>
     <span class='ocr_line' id='line_1_15' title="bbox 105 1563 1124 1646; baseline -0.002 -20"><span class='ocrx_word' id='word_1_119' title='bbox 105 1563 262 1646; x_wconf 84' lang='grc' dir='ltr'><em>νυκτερινὴ</em></span> <span class='ocrx_word' id='word_1_120' title='bbox 290 1573 335 1627; x_wconf 85' lang='lat' dir='ltr'><strong>l‘l.</strong></span> <span class='ocrx_word' id='word_1_121' title='bbox 379 1569 444 1624; x_wconf 86' lang='lat' dir='ltr'><strong>Natu</strong></span> <span class='ocrx_word' id='word_1_122' title='bbox 467 1569 494 1624; x_wconf 95' lang='lat' dir='ltr'><strong>in</strong></span> <span class='ocrx_word' id='word_1_123' title='bbox 517 1570 658 1642; x_wconf 85' lang='lat' dir='ltr'><strong>superiore</strong></span> <span class='ocrx_word' id='word_1_124' title='bbox 680 1568 725 1624; x_wconf 84' lang='lat' dir='ltr'><strong>illa</strong></span> <span class='ocrx_word' id='word_1_125' title='bbox 746 1570 900 1642; x_wconf 79' lang='lat' dir='ltr'><strong>hypothesi,</strong></span> <span class='ocrx_word' id='word_1_126' title='bbox 923 1570 951 1624; x_wconf 91' lang='lat' dir='ltr'><strong>in</strong></span> <span class='ocrx_word' id='word_1_127' title='bbox 974 1587 1027 1643; x_wconf 87' lang='lat' dir='ltr'><strong>qua</strong></span> <span class='ocrx_word' id='word_1_128' title='bbox 1050 1571 1124 1625; x_wconf 89' lang='lat' dir='ltr'><strong>Luna</strong></span> 
     </span>
     <span class='ocr_line' id='line_1_16' title="bbox 109 1653 1211 1728; baseline -0.001 -16"><span class='ocrx_word' id='word_1_129' title='bbox 109 1657 146 1712; x_wconf 85' lang='grc'><strong>14</strong></span> <span class='ocrx_word' id='word_1_130' title='bbox 170 1655 197 1709; x_wconf 93' lang='lat' dir='ltr'><strong>in</strong></span> <span class='ocrx_word' id='word_1_131' title='bbox 213 1653 360 1710; x_wconf 90' lang='lat' dir='ltr'><strong>Sabbatum</strong></span> <span class='ocrx_word' id='word_1_132' title='bbox 382 1654 516 1717; x_wconf 78' lang='lat' dir='ltr'><strong>convenit,</strong></span> <span class='ocrx_word' id='word_1_133' title='bbox 539 1654 723 1728; x_wconf 77' lang='lat' dir='ltr'><strong>xerophagiae</strong></span> <span class='ocrx_word' id='word_1_134' title='bbox 745 1653 892 1710; x_wconf 91' lang='lat' dir='ltr'><strong>hebdomas</strong></span> <span class='ocrx_word' id='word_1_135' title='bbox 915 1654 965 1710; x_wconf 86' lang='lat' dir='ltr'><strong>init</strong></span> <span class='ocrx_word' id='word_1_136' title='bbox 986 1673 1000 1710; x_wconf 90' lang='lat' dir='ltr'><strong>a</strong></span> <span class='ocrx_word' id='word_1_137' title='bbox 1022 1655 1087 1710; x_wconf 86' lang='lat' dir='ltr'><strong>leria</strong></span> <span class='ocrx_word' id='word_1_138' title='bbox 1105 1657 1122 1711; x_wconf 83' lang='lat'><strong>2</strong></span> <span class='ocrx_word' id='word_1_139' title='bbox 1209 1679 1211 1687; x_wconf 41' lang='grc' dir='ltr'><em>ι</em></span> 
     </span>
     <span class='ocr_line' id='line_1_17' title="bbox 105 1729 1123 1815; baseline 0 -20"><span class='ocrx_word' id='word_1_140' title='bbox 105 1739 252 1804; x_wconf 89' lang='lat' dir='ltr'><strong>anteriore,</strong></span> <span class='ocrx_word' id='word_1_141' title='bbox 276 1756 344 1812; x_wconf 86' lang='lat' dir='ltr'><strong>quae</strong></span> <span class='ocrx_word' id='word_1_142' title='bbox 360 1748 401 1794; x_wconf 90' lang='lat' dir='ltr'><strong>est</strong></span> <span class='ocrx_word' id='word_1_143' title='bbox 416 1729 542 1815; x_wconf 86' lang='grc' dir='ltr'><em>ὴμερινὴ</em></span> <span class='ocrx_word' id='word_1_144' title='bbox 557 1732 657 1812; x_wconf 85' lang='grc' dir='ltr'><em>ἐνάτη,</em></span> <span class='ocrx_word' id='word_1_145' title='bbox 680 1732 834 1814; x_wconf 88' lang='grc' dir='ltr'><em>νυκτερινὴ</em></span> <span class='ocrx_word' id='word_1_146' title='bbox 850 1731 1017 1814; x_wconf 89' lang='grc' dir='ltr'><em>δωδεκάτη.</em></span> <span class='ocrx_word' id='word_1_147' title='bbox 1046 1740 1123 1808; x_wconf 82' lang='lat' dir='ltr'><strong>Quod</strong></span> 
     </span>
     <span class='ocr_line' id='line_1_18' title="bbox 105 1823 1125 1898; baseline 0 -17"><span class='ocrx_word' id='word_1_148' title='bbox 105 1824 129 1881; x_wconf 86' lang='lat' dir='ltr'><strong>si</strong></span> <span class='ocrx_word' id='word_1_149' title='bbox 157 1828 192 1881; x_wconf 88' lang='grc'><strong>14</strong></span> <span class='ocrx_word' id='word_1_150' title='bbox 216 1824 290 1879; x_wconf 88' lang='lat' dir='ltr'><strong>Luna</strong></span> <span class='ocrx_word' id='word_1_151' title='bbox 313 1824 465 1880; x_wconf 83' lang='lat' dir='ltr'><strong>Dominioae</strong></span> <span class='ocrx_word' id='word_1_152' title='bbox 488 1823 645 1887; x_wconf 79' lang='lat' dir='ltr'><strong>conveniat,</strong></span> <span class='ocrx_word' id='word_1_153' title='bbox 675 1824 801 1896; x_wconf 88' lang='lat' dir='ltr'><strong>sequenti</strong></span> <span class='ocrx_word' id='word_1_154' title='bbox 823 1823 880 1888; x_wconf 91' lang='lat' dir='ltr'><strong>die,</strong></span> <span class='ocrx_word' id='word_1_155' title='bbox 911 1842 964 1898; x_wconf 91' lang='lat' dir='ltr'><strong>qua</strong></span> <span class='ocrx_word' id='word_1_156' title='bbox 987 1834 1029 1881; x_wconf 87' lang='lat' dir='ltr'><strong>est</strong></span> <span class='ocrx_word' id='word_1_157' title='bbox 1049 1827 1125 1881; x_wconf 88' lang='lat' dir='ltr'><strong>Luna</strong></span> 
     </span>
     <span class='ocr_line' id='line_1_19' title="bbox 110 1901 1124 1984; baseline -0.002 -18"><span class='ocrx_word' id='word_1_158' title='bbox 110 1910 147 1966; x_wconf 84' lang='grc'><strong>15</strong></span> <span class='ocrx_word' id='word_1_159' title='bbox 169 1901 296 1984; x_wconf 82' lang='grc' dir='ltr'><em>ὴμερινὴ</em></span> <span class='ocrx_word' id='word_1_160' title='bbox 315 1917 343 1964; x_wconf 91' lang='lat' dir='ltr'><strong>et</strong></span> <span class='ocrx_word' id='word_1_161' title='bbox 365 1902 519 1984; x_wconf 87' lang='grc' dir='ltr'><em>νυκτερινὴ</em></span> <span class='ocrx_word' id='word_1_162' title='bbox 537 1911 581 1973; x_wconf 87' lang='grc'><strong>16,</strong></span> <span class='ocrx_word' id='word_1_163' title='bbox 605 1908 710 1964; x_wconf 90' lang='lat' dir='ltr'><strong>initium</strong></span> <span class='ocrx_word' id='word_1_164' title='bbox 734 1908 786 1964; x_wconf 88' lang='lat' dir='ltr'><strong>erit</strong></span> <span class='ocrx_word' id='word_1_165' title='bbox 808 1907 983 1966; x_wconf 82' lang='lat' dir='ltr'><strong>hebdomadis</strong></span> <span class='ocrx_word' id='word_1_166' title='bbox 1006 1920 1124 1966; x_wconf 87' lang='lat' dir='ltr'><strong>sanetae.</strong></span> 
     </span>
     <span class='ocr_line' id='line_1_20' title="bbox 106 1985 1126 2073; baseline -0.001 -24"><span class='ocrx_word' id='word_1_167' title='bbox 106 1994 186 2049; x_wconf 87' lang='lat' dir='ltr'><strong>Vides</strong></span> <span class='ocrx_word' id='word_1_168' title='bbox 208 1994 290 2066; x_wconf 81' lang='lat' dir='ltr'><strong>igitur</strong></span> <span class='ocrx_word' id='word_1_169' title='bbox 311 1994 465 2049; x_wconf 84' lang='lat' dir='ltr'><strong>necessario</strong></span> <span class='ocrx_word' id='word_1_170' title='bbox 489 1994 516 2049; x_wconf 90' lang='lat' dir='ltr'><strong>in</strong></span> <span class='ocrx_word' id='word_1_171' title='bbox 538 1995 646 2050; x_wconf 81' lang='lat' dir='ltr'><strong>huna9</strong></span> <span class='ocrx_word' id='word_1_172' title='bbox 670 1985 851 2071; x_wconf 88' lang='grc' dir='ltr'><em>νυκτερινὴν,</em></span> <span class='ocrx_word' id='word_1_173' title='bbox 875 1995 902 2050; x_wconf 89' lang='lat' dir='ltr'><strong>in</strong></span> <span class='ocrx_word' id='word_1_174' title='bbox 923 1997 957 2052; x_wconf 92' lang='grc'><strong>16</strong></span> <span class='ocrx_word' id='word_1_175' title='bbox 981 1987 1126 2073; x_wconf 85' lang='grc' dir='ltr'><em>ὴμερινὴν</em></span> 
     </span>
     <span class='ocr_line' id='line_1_21' title="bbox 104 2079 1125 2152; baseline 0.001 -17"><span class='ocrx_word' id='word_1_176' title='bbox 104 2079 288 2152; x_wconf 82' lang='lat' dir='ltr'><strong>accipiendam</strong></span> <span class='ocrx_word' id='word_1_177' title='bbox 311 2096 380 2134; x_wconf 86' lang='lat' dir='ltr'><strong>esse.</strong></span> <span class='ocrx_word' id='word_1_178' title='bbox 412 2080 442 2134; x_wconf 92' lang='lat' dir='ltr'><strong>ln</strong></span> <span class='ocrx_word' id='word_1_179' title='bbox 465 2096 519 2151; x_wconf 89' lang='lat' dir='ltr'><strong>quo</strong></span> <span class='ocrx_word' id='word_1_180' title='bbox 542 2079 608 2135; x_wconf 88' lang='lat' dir='ltr'><strong>illud</strong></span> <span class='ocrx_word' id='word_1_181' title='bbox 630 2079 903 2143; x_wconf 88' lang='lat' dir='ltr'><strong>animadvertendum,</strong></span> <span class='ocrx_word' id='word_1_182' title='bbox 926 2081 990 2136; x_wconf 88' lang='lat' dir='ltr'><strong>lieet</strong></span> <span class='ocrx_word' id='word_1_183' title='bbox 1010 2081 1037 2136; x_wconf 91' lang='lat' dir='ltr'><strong>in</strong></span> <span class='ocrx_word' id='word_1_184' title='bbox 1053 2080 1125 2136; x_wconf 86' lang='lat' dir='ltr'><strong>llae-</strong></span> 
     </span>
     <span class='ocr_line' id='line_1_22' title="bbox 105 2156 1124 2242; baseline -0.002 -22"><span class='ocrx_word' id='word_1_185' title='bbox 105 2163 161 2220; x_wconf 83' lang='lat' dir='ltr'><strong>resi</strong></span> <span class='ocrx_word' id='word_1_186' title='bbox 186 2165 221 2219; x_wconf 81' lang='lat' dir='ltr'><strong>bl</strong></span> <span class='ocrx_word' id='word_1_187' title='bbox 248 2163 284 2219; x_wconf 93' lang='lat' dir='ltr'><strong>ita</strong></span> <span class='ocrx_word' id='word_1_188' title='bbox 306 2156 479 2241; x_wconf 77' lang='grc' dir='ltr'><em>νυκτερινῆς</em></span> <span class='ocrx_word' id='word_1_189' title='bbox 500 2172 528 2219; x_wconf 89' lang='lat' dir='ltr'><strong>et</strong></span> <span class='ocrx_word' id='word_1_190' title='bbox 548 2156 692 2242; x_wconf 78' lang='grc' dir='ltr'><em>ἡμερινῆς</em></span> <span class='ocrx_word' id='word_1_191' title='bbox 715 2164 844 2220; x_wconf 86' lang='lat' dir='ltr'><strong>voeabula</strong></span> <span class='ocrx_word' id='word_1_192' title='bbox 867 2166 1028 2237; x_wconf 86' lang='lat' dir='ltr'><strong>sumpserit,</strong></span> <span class='ocrx_word' id='word_1_193' title='bbox 1057 2174 1087 2220; x_wconf 91' lang='lat' dir='ltr'><strong>nt</strong></span> <span class='ocrx_word' id='word_1_194' title='bbox 1109 2182 1124 2218; x_wconf 95' lang='lat' dir='ltr'><strong>a</strong></span> 
     </span>
     <span class='ocr_line' id='line_1_23' title="bbox 107 2241 1123 2325; baseline -0.001 -21"><span class='ocrx_word' id='word_1_195' title='bbox 107 2248 264 2325; x_wconf 80' lang='grc' dir='ltr'><em>νυκτερινῇ</em></span> <span class='ocrx_word' id='word_1_196' title='bbox 287 2266 395 2321; x_wconf 85' lang='lat' dir='ltr'><strong>semper</strong></span> <span class='ocrx_word' id='word_1_197' title='bbox 410 2249 539 2313; x_wconf 81' lang='lat' dir='ltr'><strong>ordiatur,</strong></span> <span class='ocrx_word' id='word_1_198' title='bbox 563 2267 593 2305; x_wconf 87' lang='lat' dir='ltr'><strong>ao</strong></span> <span class='ocrx_word' id='word_1_199' title='bbox 609 2249 717 2304; x_wconf 91' lang='lat' dir='ltr'><strong>tametsi</strong></span> <span class='ocrx_word' id='word_1_200' title='bbox 731 2250 805 2304; x_wconf 93' lang='lat' dir='ltr'><strong>Luna</strong></span> <span class='ocrx_word' id='word_1_201' title='bbox 819 2241 944 2325; x_wconf 85' lang='grc' dir='ltr'><em>ὴμερινὴ</em></span> <span class='ocrx_word' id='word_1_202' title='bbox 961 2267 975 2303; x_wconf 91' lang='lat' dir='ltr'><strong>a</strong></span> <span class='ocrx_word' id='word_1_203' title='bbox 991 2259 1123 2321; x_wconf 85' lang='lat' dir='ltr'><strong>sequente</strong></span> 
     </span>
     <span class='ocr_line' id='line_1_24' title="bbox 106 2332 1174 2410; baseline -0.006 -21"><span class='ocrx_word' id='word_1_204' title='bbox 106 2334 266 2410; x_wconf 72' lang='grc' dir='ltr'><em>νυκτερινὴ</em></span> <span class='ocrx_word' id='word_1_205' title='bbox 287 2351 425 2405; x_wconf 87' lang='lat' dir='ltr'><strong>nunquam</strong></span> <span class='ocrx_word' id='word_1_206' title='bbox 448 2333 608 2406; x_wconf 86' lang='lat' dir='ltr'><strong>appelletur,</strong></span> <span class='ocrx_word' id='word_1_207' title='bbox 631 2335 684 2389; x_wconf 89' lang='lat' dir='ltr'><strong>hoo</strong></span> <span class='ocrx_word' id='word_1_208' title='bbox 706 2334 733 2387; x_wconf 92' lang='lat' dir='ltr'><strong>in</strong></span> <span class='ocrx_word' id='word_1_209' title='bbox 755 2332 816 2388; x_wconf 85' lang='lat' dir='ltr'><strong>loco</strong></span> <span class='ocrx_word' id='word_1_210' title='bbox 839 2341 929 2388; x_wconf 83' lang='lat' dir='ltr'><strong>tamen</strong></span> <span class='ocrx_word' id='word_1_211' title='bbox 947 2334 1174 2407; x_wconf 74' lang='lat' dir='ltr'><strong>Epiphaniumtttt</strong></span> 
     </span>
     <span class='ocr_line' id='line_1_25' title="bbox 107 2412 1125 2490; baseline -0.001 -16"><span class='ocrx_word' id='word_1_212' title='bbox 107 2418 164 2474; x_wconf 89' lang='lat' dir='ltr'><strong>sive</strong></span> <span class='ocrx_word' id='word_1_213' title='bbox 193 2435 301 2483; x_wconf 90' lang='lat' dir='ltr'><strong>errore,</strong></span> <span class='ocrx_word' id='word_1_214' title='bbox 331 2418 386 2473; x_wconf 89' lang='lat' dir='ltr'><strong>sive</strong></span> <span class='ocrx_word' id='word_1_215' title='bbox 414 2417 447 2473; x_wconf 91' lang='lat' dir='ltr'><strong>de</strong></span> <span class='ocrx_word' id='word_1_216' title='bbox 475 2418 606 2473; x_wconf 89' lang='lat' dir='ltr'><strong>industria</strong></span> <span class='ocrx_word' id='word_1_217' title='bbox 635 2412 743 2490; x_wconf 89' lang='grc' dir='ltr'><em>ἐνάτην</em></span> <span class='ocrx_word' id='word_1_218' title='bbox 764 2417 835 2472; x_wconf 87' lang='lat' dir='ltr'><strong>illam</strong></span> <span class='ocrx_word' id='word_1_219' title='bbox 858 2435 967 2481; x_wconf 81' lang='lat' dir='ltr'><strong>vocare,</strong></span> <span class='ocrx_word' id='word_1_220' title='bbox 998 2434 1067 2490; x_wconf 91' lang='lat' dir='ltr'><strong>quae</strong></span> <span class='ocrx_word' id='word_1_221' title='bbox 1090 2419 1125 2473; x_wconf 86' lang='lat' dir='ltr'><strong>sit</strong></span> 
     </span>
     <span class='ocr_line' id='line_1_26' title="bbox 106 2494 1125 2580; baseline -0.002 -21"><span class='ocrx_word' id='word_1_222' title='bbox 106 2511 200 2559; x_wconf 78' lang='lat' dir='ltr'><strong>octavu</strong></span> <span class='ocrx_word' id='word_1_223' title='bbox 222 2494 348 2580; x_wconf 85' lang='grc' dir='ltr'><em>ὴμερινὴ</em></span> <span class='ocrx_word' id='word_1_224' title='bbox 372 2512 399 2558; x_wconf 91' lang='lat' dir='ltr'><strong>et</strong></span> <span class='ocrx_word' id='word_1_225' title='bbox 420 2503 448 2558; x_wconf 93' lang='lat' dir='ltr'><strong>in</strong></span> <span class='ocrx_word' id='word_1_226' title='bbox 470 2496 577 2576; x_wconf 88' lang='grc' dir='ltr'><em>ἐνάτην</em></span> <span class='ocrx_word' id='word_1_227' title='bbox 600 2494 773 2578; x_wconf 88' lang='grc' dir='ltr'><em>νυκτερινὴν</em></span> <span class='ocrx_word' id='word_1_228' title='bbox 794 2502 907 2557; x_wconf 88' lang='lat' dir='ltr'><strong>desinat.</strong></span> <span class='ocrx_word' id='word_1_229' title='bbox 938 2502 977 2557; x_wconf 81' lang='lat' dir='ltr'><strong>Ad</strong></span> <span class='ocrx_word' id='word_1_230' title='bbox 993 2520 1125 2558; x_wconf 88' lang='lat' dir='ltr'><strong>summam</strong></span> 
     </span>
     <span class='ocr_line' id='line_1_27' title="bbox 107 2586 1127 2660; baseline 0.001 -17"><span class='ocrx_word' id='word_1_231' title='bbox 107 2586 284 2645; x_wconf 83' lang='lat' dir='ltr'><strong>hebdomadis</strong></span> <span class='ocrx_word' id='word_1_232' title='bbox 309 2595 422 2643; x_wconf 85' lang='lat' dir='ltr'><strong>sanotae</strong></span> <span class='ocrx_word' id='word_1_233' title='bbox 451 2588 535 2660; x_wconf 90' lang='lat' dir='ltr'><strong>prima</strong></span> <span class='ocrx_word' id='word_1_234' title='bbox 558 2587 614 2641; x_wconf 88' lang='lat' dir='ltr'><strong>dies</strong></span> <span class='ocrx_word' id='word_1_235' title='bbox 637 2604 651 2641; x_wconf 92' lang='lat' dir='ltr'><strong>a</strong></span> <span class='ocrx_word' id='word_1_236' title='bbox 674 2587 748 2641; x_wconf 87' lang='lat' dir='ltr'><strong>Luna</strong></span> <span class='ocrx_word' id='word_1_237' title='bbox 771 2589 788 2642; x_wconf 85' lang='grc'>9</span> <span class='ocrx_word' id='word_1_238' title='bbox 813 2586 907 2642; x_wconf 90' lang='lat' dir='ltr'><strong>diurna</strong></span> <span class='ocrx_word' id='word_1_239' title='bbox 931 2587 962 2642; x_wconf 90' lang='lat' dir='ltr'><strong>ad</strong></span> <span class='ocrx_word' id='word_1_240' title='bbox 991 2591 1025 2644; x_wconf 83' lang='grc'><strong>15</strong></span> <span class='ocrx_word' id='word_1_241' title='bbox 1049 2587 1127 2644; x_wconf 91' lang='lat' dir='ltr'><strong>diur-</strong></span> 
     </span>
     <span class='ocr_line' id='line_1_28' title="bbox 106 2667 1125 2746; baseline 0 -18"><span class='ocrx_word' id='word_1_242' title='bbox 106 2689 170 2728; x_wconf 86' lang='lat' dir='ltr'><strong>nam</strong></span> <span class='ocrx_word' id='word_1_243' title='bbox 193 2672 313 2737; x_wconf 81' lang='lat' dir='ltr'><strong>inoboari</strong></span> <span class='ocrx_word' id='word_1_244' title='bbox 336 2680 436 2746; x_wconf 89' lang='lat' dir='ltr'><strong>potest,</strong></span> <span class='ocrx_word' id='word_1_245' title='bbox 460 2680 515 2736; x_wconf 86' lang='lat' dir='ltr'><strong>aut,</strong></span> <span class='ocrx_word' id='word_1_246' title='bbox 539 2672 612 2744; x_wconf 90' lang='lat' dir='ltr'><strong>quod</strong></span> <span class='ocrx_word' id='word_1_247' title='bbox 634 2672 703 2727; x_wconf 88' lang='lat' dir='ltr'><strong>idern</strong></span> <span class='ocrx_word' id='word_1_248' title='bbox 720 2679 778 2736; x_wconf 82' lang='lat' dir='ltr'><strong>est,</strong></span> <span class='ocrx_word' id='word_1_249' title='bbox 802 2667 818 2726; x_wconf 78' lang='grc' dir='ltr'><em>ε’</em></span> <span class='ocrx_word' id='word_1_250' title='bbox 838 2671 913 2728; x_wconf 92' lang='lat' dir='ltr'><strong>Luna</strong></span> <span class='ocrx_word' id='word_1_251' title='bbox 930 2676 965 2729; x_wconf 83' lang='lat' dir='ltr'><strong>to</strong></span> <span class='ocrx_word' id='word_1_252' title='bbox 992 2683 1125 2729; x_wconf 90' lang='lat' dir='ltr'><strong>noeturna</strong></span> 
     </span>
     <span class='ocr_line' id='line_1_29' title="bbox 105 2756 1127 2832; baseline 0.002 -19"><span class='ocrx_word' id='word_1_253' title='bbox 105 2758 141 2813; x_wconf 86' lang='lat' dir='ltr'><strong>ad</strong></span> <span class='ocrx_word' id='word_1_254' title='bbox 162 2767 323 2813; x_wconf 83' lang='lat' dir='ltr'><strong>nocturnam</strong></span> <span class='ocrx_word' id='word_1_255' title='bbox 350 2760 397 2814; x_wconf 88' lang='grc'><strong>16.</strong></span> <span class='ocrx_word' id='word_1_256' title='bbox 429 2757 502 2825; x_wconf 81' lang='lat' dir='ltr'><strong>Quae</strong></span> <span class='ocrx_word' id='word_1_257' title='bbox 524 2774 619 2811; x_wconf 87' lang='lat' dir='ltr'><strong>oaussa</strong></span> <span class='ocrx_word' id='word_1_258' title='bbox 642 2757 757 2812; x_wconf 79' lang='lat' dir='ltr'><strong>fortasse</strong></span> <span class='ocrx_word' id='word_1_259' title='bbox 778 2756 844 2821; x_wconf 89' lang='lat' dir='ltr'><strong>suit,</strong></span> <span class='ocrx_word' id='word_1_260' title='bbox 868 2775 917 2813; x_wconf 89' lang='lat' dir='ltr'><strong>our</strong></span> <span class='ocrx_word' id='word_1_261' title='bbox 937 2758 974 2813; x_wconf 89' lang='lat' dir='ltr'><strong>ita</strong></span> <span class='ocrx_word' id='word_1_262' title='bbox 997 2759 1127 2832; x_wconf 83' lang='lat' dir='ltr'><strong>concipe-</strong></span> 
     </span>
     <span class='ocr_line' id='line_1_30' title="bbox 107 2832 1126 2918; baseline -0.001 -20"><span class='ocrx_word' id='word_1_263' title='bbox 107 2851 159 2907; x_wconf 85' lang='lat' dir='ltr'><strong>ret,</strong></span> <span class='ocrx_word' id='word_1_264' title='bbox 184 2833 244 2898; x_wconf 82' lang='grc' dir='ltr'><strong>άπὸ</strong></span> <span class='ocrx_word' id='word_1_265' title='bbox 266 2832 403 2916; x_wconf 86' lang='grc' dir='ltr'><em>δεκάτης,</em></span> <span class='ocrx_word' id='word_1_266' title='bbox 427 2836 482 2907; x_wconf 68' lang='grc' dir='ltr'><strong>ἕως</strong></span> <span class='ocrx_word' id='word_1_267' title='bbox 503 2834 735 2918; x_wconf 75' lang='grc' dir='ltr'><em>ἐπιρωσκοάσης</em></span> <span class='ocrx_word' id='word_1_268' title='bbox 754 2837 1031 2918; x_wconf 77' lang='grc' dir='ltr'><em>πεντεκαιδεκάτης.</em></span> <span class='ocrx_word' id='word_1_269' title='bbox 1077 2843 1126 2898; x_wconf 90' lang='lat' dir='ltr'><strong>Ubi</strong></span> 
     </span>
     <span class='ocr_line' id='line_1_31' title="bbox 106 2917 1127 3003; baseline -0.002 -20"><span class='ocrx_word' id='word_1_270' title='bbox 106 2917 343 3003; x_wconf 79' lang='grc' dir='ltr'><em>ἐπιφάσκυυσιιν</em></span> <span class='ocrx_word' id='word_1_271' title='bbox 364 2944 419 2982; x_wconf 92' lang='lat' dir='ltr'><strong>non</strong></span> <span class='ocrx_word' id='word_1_272' title='bbox 442 2927 494 2982; x_wconf 87' lang='lat' dir='ltr'><strong>iarn</strong></span> <span class='ocrx_word' id='word_1_273' title='bbox 516 2927 675 3000; x_wconf 85' lang='lat' dir='ltr'><strong>simpliciter</strong></span> <span class='ocrx_word' id='word_1_274' title='bbox 695 2927 797 3000; x_wconf 82' lang='lat' dir='ltr'><strong>accipio</strong></span> <span class='ocrx_word' id='word_1_275' title='bbox 820 2945 870 3000; x_wconf 89' lang='lat' dir='ltr'><strong>pro</strong></span> <span class='ocrx_word' id='word_1_276' title='bbox 895 2929 1016 2991; x_wconf 82' lang='lat' dir='ltr'><strong>ineunte,</strong></span> <span class='ocrx_word' id='word_1_277' title='bbox 1039 2945 1127 2999; x_wconf 85' lang='lat' dir='ltr'><strong>oppe-</strong></span> 
     </span>
     <span class='ocr_line' id='line_1_32' title="bbox 107 3012 1216 3085; baseline -0.002 -17"><span class='ocrx_word' id='word_1_278' title='bbox 107 3019 189 3076; x_wconf 79' lang='lat' dir='ltr'><strong>tente,</strong></span> <span class='ocrx_word' id='word_1_279' title='bbox 213 3021 259 3066; x_wconf 89' lang='lat' dir='ltr'><strong>aut</strong></span> <span class='ocrx_word' id='word_1_280' title='bbox 282 3021 312 3067; x_wconf 91' lang='lat' dir='ltr'><strong>ut</strong></span> <span class='ocrx_word' id='word_1_281' title='bbox 335 3012 367 3066; x_wconf 92' lang='lat' dir='ltr'><strong>ad</strong></span> <span class='ocrx_word' id='word_1_282' title='bbox 382 3012 473 3067; x_wconf 91' lang='lat' dir='ltr'><strong>Lunae</strong></span> <span class='ocrx_word' id='word_1_283' title='bbox 495 3012 592 3076; x_wconf 86' lang='lat' dir='ltr'><strong>lucem,</strong></span> <span class='ocrx_word' id='word_1_284' title='bbox 617 3029 685 3085; x_wconf 91' lang='lat' dir='ltr'><strong>quae</strong></span> <span class='ocrx_word' id='word_1_285' title='bbox 708 3012 759 3067; x_wconf 92' lang='lat' dir='ltr'><strong>sub</strong></span> <span class='ocrx_word' id='word_1_286' title='bbox 781 3030 920 3085; x_wconf 85' lang='lat' dir='ltr'><strong>vesperam</strong></span> <span class='ocrx_word' id='word_1_287' title='bbox 944 3013 1039 3076; x_wconf 87' lang='lat' dir='ltr'><strong>oritur,</strong></span> <span class='ocrx_word' id='word_1_288' title='bbox 1063 3030 1128 3084; x_wconf 91' lang='lat' dir='ltr'><strong>per-</strong></span> <span class='ocrx_word' id='word_1_289' title='bbox 1212 3028 1216 3034; x_wconf 83' lang='lat'><strong>·</strong></span> 
     </span>
     <span class='ocr_line' id='line_1_33' title="bbox 105 3088 1126 3175; baseline -0.001 -24"><span class='ocrx_word' id='word_1_290' title='bbox 105 3096 207 3160; x_wconf 79' lang='lat' dir='ltr'><strong>lineat,</strong></span> <span class='ocrx_word' id='word_1_291' title='bbox 239 3097 287 3152; x_wconf 90' lang='lat' dir='ltr'><strong>sed</strong></span> <span class='ocrx_word' id='word_1_292' title='bbox 309 3114 359 3168; x_wconf 88' lang='lat' dir='ltr'><strong>pro</strong></span> <span class='ocrx_word' id='word_1_293' title='bbox 381 3089 518 3175; x_wconf 82' lang='grc' dir='ltr'><em>ὴμερινῇ.</em></span> <span class='ocrx_word' id='word_1_294' title='bbox 562 3096 627 3151; x_wconf 89' lang='lat' dir='ltr'><strong>Nam</strong></span> <span class='ocrx_word' id='word_1_295' title='bbox 650 3115 711 3153; x_wconf 88' lang='lat' dir='ltr'><strong>oum</strong></span> <span class='ocrx_word' id='word_1_296' title='bbox 734 3088 798 3153; x_wconf 80' lang='lat' dir='ltr'><strong>dicit</strong></span> <span class='ocrx_word' id='word_1_297' title='bbox 820 3090 879 3152; x_wconf 82' lang='grc' dir='ltr'><strong>άπὸ</strong></span> <span class='ocrx_word' id='word_1_298' title='bbox 904 3090 1046 3169; x_wconf 88' lang='grc' dir='ltr'><em>δεκάτης,</em></span> <span class='ocrx_word' id='word_1_299' title='bbox 1076 3114 1126 3150; x_wconf 86' lang='lat' dir='ltr'><strong>neo</strong></span> 
     </span>
     <span class='ocr_line' id='line_1_34' title="bbox 106 3175 1128 3258; baseline -0.003 -20"><span class='ocrx_word' id='word_1_300' title='bbox 106 3175 342 3258; x_wconf 75' lang='grc' dir='ltr'><em>ἐπιφωσκυάσης</em></span> <span class='ocrx_word' id='word_1_301' title='bbox 367 3183 472 3245; x_wconf 85' lang='lat' dir='ltr'><strong>adiecit,</strong></span> <span class='ocrx_word' id='word_1_302' title='bbox 496 3181 629 3255; x_wconf 84' lang='lat' dir='ltr'><strong>signifieat</strong></span> <span class='ocrx_word' id='word_1_303' title='bbox 644 3200 699 3237; x_wconf 93' lang='lat' dir='ltr'><strong>non</strong></span> <span class='ocrx_word' id='word_1_304' title='bbox 714 3181 786 3236; x_wconf 86' lang='lat' dir='ltr'><strong>illam</strong></span> <span class='ocrx_word' id='word_1_305' title='bbox 801 3181 934 3245; x_wconf 89' lang='lat' dir='ltr'><strong>diurnam,</strong></span> <span class='ocrx_word' id='word_1_306' title='bbox 951 3180 997 3236; x_wconf 93' lang='lat' dir='ltr'><strong>sed</strong></span> <span class='ocrx_word' id='word_1_307' title='bbox 1014 3189 1128 3235; x_wconf 86' lang='lat' dir='ltr'><strong>noetur-</strong></span> 
     </span>
     <span class='ocr_line' id='line_1_35' title="bbox 105 3265 1126 3339; baseline -0.001 -17"><span class='ocrx_word' id='word_1_308' title='bbox 105 3283 168 3322; x_wconf 89' lang='lat' dir='ltr'><strong>nam</strong></span> <span class='ocrx_word' id='word_1_309' title='bbox 192 3266 403 3339; x_wconf 85' lang='lat' dir='ltr'><strong>intelligendam.</strong></span> <span class='ocrx_word' id='word_1_310' title='bbox 444 3268 481 3321; x_wconf 83' lang='lat' dir='ltr'><strong>Ao</strong></span> <span class='ocrx_word' id='word_1_311' title='bbox 503 3267 599 3322; x_wconf 90' lang='lat' dir='ltr'><strong>merito</strong></span> <span class='ocrx_word' id='word_1_312' title='bbox 623 3267 728 3322; x_wconf 84' lang='lat' dir='ltr'><strong>videtur</strong></span> <span class='ocrx_word' id='word_1_313' title='bbox 749 3265 915 3337; x_wconf 83' lang='lat' dir='ltr'><strong>Epiphanius</strong></span> <span class='ocrx_word' id='word_1_314' title='bbox 937 3265 1050 3337; x_wconf 81' lang='lat' dir='ltr'><strong>primam</strong></span> <span class='ocrx_word' id='word_1_315' title='bbox 1072 3266 1126 3321; x_wconf 87' lang='lat' dir='ltr'><strong>Xe—</strong></span> 
     </span>
     <span class='ocr_line' id='line_1_36' title="bbox 104 3344 1126 3426; baseline -0.003 -19"><span class='ocrx_word' id='word_1_316' title='bbox 104 3351 254 3424; x_wconf 76' lang='lat' dir='ltr'><strong>rophagiae</strong></span> <span class='ocrx_word' id='word_1_317' title='bbox 277 3352 347 3406; x_wconf 89' lang='lat' dir='ltr'><strong>diem</strong></span> <span class='ocrx_word' id='word_1_318' title='bbox 370 3344 498 3423; x_wconf 88' lang='grc' dir='ltr'><em>δεκάτην</em></span> <span class='ocrx_word' id='word_1_319' title='bbox 520 3345 694 3426; x_wconf 90' lang='grc' dir='ltr'><em>νυκτερινὴν</em></span> <span class='ocrx_word' id='word_1_320' title='bbox 714 3350 825 3414; x_wconf 85' lang='lat' dir='ltr'><strong>fecisse,</strong></span> <span class='ocrx_word' id='word_1_321' title='bbox 849 3350 921 3422; x_wconf 86' lang='lat' dir='ltr'><strong>quod</strong></span> <span class='ocrx_word' id='word_1_322' title='bbox 944 3349 1047 3405; x_wconf 84' lang='lat' dir='ltr'><strong>functio</strong></span> <span class='ocrx_word' id='word_1_323' title='bbox 1070 3351 1126 3423; x_wconf 86' lang='lat' dir='ltr'><strong>ipsa</strong></span> 
     </span>
     <span class='ocr_line' id='line_1_37' title="bbox 104 3435 1125 3510; baseline 0 -19"><span class='ocrx_word' id='word_1_324' title='bbox 104 3436 308 3510; x_wconf 80' lang='lat' dir='ltr'><strong>Xerophagiae‚</strong></span> <span class='ocrx_word' id='word_1_325' title='bbox 339 3435 365 3490; x_wconf 95' lang='lat' dir='ltr'><strong>id</strong></span> <span class='ocrx_word' id='word_1_326' title='bbox 392 3445 434 3491; x_wconf 91' lang='lat' dir='ltr'><strong>est</strong></span> <span class='ocrx_word' id='word_1_327' title='bbox 454 3435 590 3490; x_wconf 90' lang='lat' dir='ltr'><strong>aridorum</strong></span> <span class='ocrx_word' id='word_1_328' title='bbox 614 3452 694 3497; x_wconf 88' lang='lat' dir='ltr'><strong>esus,</strong></span> <span class='ocrx_word' id='word_1_329' title='bbox 724 3444 839 3489; x_wconf 85' lang='lat' dir='ltr'><strong>exeunte</strong></span> <span class='ocrx_word' id='word_1_330' title='bbox 861 3435 913 3488; x_wconf 92' lang='lat' dir='ltr'><strong>iam</strong></span> <span class='ocrx_word' id='word_1_331' title='bbox 936 3435 992 3498; x_wconf 85' lang='lat' dir='ltr'><strong>die,</strong></span> <span class='ocrx_word' id='word_1_332' title='bbox 1023 3452 1053 3491; x_wconf 90' lang='lat' dir='ltr'><strong>ac</strong></span> <span class='ocrx_word' id='word_1_333' title='bbox 1075 3435 1125 3490; x_wconf 88' lang='lat' dir='ltr'><strong>sub</strong></span> 
     </span>
     <span class='ocr_line' id='line_1_38' title="bbox 103 3519 1018 3594; baseline -0.002 -19"><span class='ocrx_word' id='word_1_334' title='bbox 103 3538 246 3594; x_wconf 86' lang='lat' dir='ltr'><strong>vesperam</strong></span> <span class='ocrx_word' id='word_1_335' title='bbox 269 3530 456 3593; x_wconf 87' lang='lat' dir='ltr'><strong>usurparetur,</strong></span> <span class='ocrx_word' id='word_1_336' title='bbox 480 3520 650 3576; x_wconf 85' lang='lat' dir='ltr'><strong>commodum</strong></span> <span class='ocrx_word' id='word_1_337' title='bbox 673 3519 847 3575; x_wconf 78' lang='lat' dir='ltr'><strong>illucescente</strong></span> <span class='ocrx_word' id='word_1_338' title='bbox 877 3523 911 3576; x_wconf 87' lang='lat' dir='ltr'><strong>to</strong></span> <span class='ocrx_word' id='word_1_339' title='bbox 934 3520 1018 3574; x_wconf 89' lang='lat' dir='ltr'><strong>Luna.</strong></span> 
     </span>
     <span class='ocr_line' id='line_1_39' title="bbox 189 3596 1125 3683; baseline -0.002 -21"><span class='ocrx_word' id='word_1_340' title='bbox 189 3596 379 3680; x_wconf 83' lang='grc' dir='ltr'><em>μεσιιζοάυης</em></span> <span class='ocrx_word' id='word_1_341' title='bbox 400 3605 461 3661; x_wconf 81' lang='grc' dir='ltr'><strong>τῶν</strong></span> <span class='ocrx_word' id='word_1_342' title='bbox 483 3599 538 3660; x_wconf 82' lang='grc' dir='ltr'><strong>δύο</strong></span> <span class='ocrx_word' id='word_1_343' title='bbox 561 3597 696 3683; x_wconf 88' lang='grc' dir='ltr'><em>δρόμων]</em></span> <span class='ocrx_word' id='word_1_344' title='bbox 727 3603 791 3660; x_wconf 87' lang='lat' dir='ltr'><strong>Mira</strong></span> <span class='ocrx_word' id='word_1_345' title='bbox 808 3613 849 3662; x_wconf 86' lang='lat' dir='ltr'><strong>est</strong></span> <span class='ocrx_word' id='word_1_346' title='bbox 865 3605 963 3662; x_wconf 89' lang='lat' dir='ltr'><strong>borum</strong></span> <span class='ocrx_word' id='word_1_347' title='bbox 979 3603 1125 3663; x_wconf 89' lang='lat' dir='ltr'><strong>verborum</strong></span> 
     </span>
    </p>
   </div>
   <div class='ocr_carea' id='block_1_3' title="bbox 0 0 1272 4154">
    <p class='ocr_par' dir='ltr' id='par_1_3' title="bbox 0 0 1272 4154">
     <span class='ocr_line' id='line_1_40' title="bbox 0 0 1272 4154; baseline 0 0"><span class='ocrx_word' id='word_1_348' title='bbox 0 0 1272 4154; x_wconf 95' lang='lat' dir='ltr'><strong> </strong></span> 
     </span>
    </p>
   </div>
  </div>
 </body>
</html>
