2534 4154
446 347 521 396 lum
542 347 761 398 BOLthibthd.
902 413 905 418 ,
1041 351 1114 393 xhttt

99 504 128 561 ad
151 519 200 560 cos
222 500 319 558 crebro
342 500 496 566 direximus,
520 519 555 558 ue
577 502 733 559 viderentur
754 503 868 579 quadam
892 503 988 561 duritia
1003 513 1031 560 et
1046 520 1114 561 cou-

98 589 209 646 scientia
232 596 324 644 nostra
347 587 472 659 antiquae
495 586 556 643 lidei
579 587 611 642 ab
635 587 752 645 Ecclesia
776 590 909 662 separari,
934 589 1113 646 ordinavimus

96 674 255 736 diaconum,
285 681 313 728 et
333 679 478 746 postquam
500 672 659 728 ministravit
680 691 775 730 rursus
797 673 1002 747 presbyterum:
1033 691 1115 748 super

96 776 150 835 quo
180 755 313 813 debueras
342 755 487 830 gratulari,
517 756 669 830 intelligens
693 761 766 831 quod
787 759 823 815 oh
846 759 894 814 bei
915 761 1039 816 timorem
1062 761 1115 816 hoe

96 860 192 904 sumus
215 843 304 898 iacere
327 840 459 914 compulsi
472 882 562 897 .....

186 929 235 985 19.
278 926 365 982 “Cum
388 927 459 982 enim
481 926 606 983 vidissem
629 927 690 999 quia
712 928 858 985 multitudo
881 938 1036 986 sanctorum
1059 927 1116 990 lra-

95 1023 169 1071 trum
193 1013 221 1068 in
243 1011 408 1068 monasterio
430 1012 603 1075 consisteret,
627 1020 654 1066 et
669 1013 754 1068 sancti
769 1013 921 1087 presbyteri
936 1013 1115 1086 Hieronymus

94 1117 127 1156 ac
150 1097 318 1162 Vincentius,
341 1105 454 1170 propter
475 1096 663 1152 verecundiam
686 1105 713 1153 et
735 1098 922 1163 humilitatem,
949 1098 1045 1154 nolens
1067 1099 1117 1154 de·

96 1183 152 1240 bita
182 1181 286 1238 nomini
314 1198 364 1237 suo
393 1197 520 1237 exercere
549 1181 692 1245 sacrificia,
723 1190 750 1237 et
771 1182 895 1239 laborare
918 1184 944 1238 in
967 1184 1017 1239 hac
1039 1193 1116 1256 parte

63 1266 68 1280 '
95 1267 241 1324 ministerii
262 1282 331 1339 quae
354 1266 568 1323 Christianorum
589 1267 733 1340 praecipua
756 1266 828 1322 salus
851 1278 906 1332 est;
930 1267 1049 1324 invenire
1065 1285 1117 1323 au-

96 1362 152 1410 tem
176 1360 205 1408 et
228 1351 474 1423 comprehendere,
498 1351 544 1425 qui
567 1360 593 1406 te
617 1351 661 1421 (eo
684 1351 758 1423 quod
780 1369 859 1424 grave
882 1370 951 1408 onus
974 1353 1117 1410 sacerdotii
1179 1377 1182 1383 ·

97 1438 185 1494 nollet
212 1436 365 1509 suscipere)
393 1452 474 1508 saepe
502 1435 637 1509 fugiebat,
668 1453 718 1492 nec
746 1437 814 1492 alius
843 1438 903 1512 quis
926 1438 1117 1510 episcoporum

96 1522 175 1579 facilc
198 1537 261 1577 eum
283 1520 525 1595 reperiretiuude
548 1529 576 1576 et
597 1521 661 1576 satis
685 1522 796 1576 miratus
819 1539 877 1576 sum
901 1522 1037 1596 quomodo
1061 1522 1118 1576 dis-

95 1607 259 1682 pensatione
282 1605 328 1661 hei
350 1605 384 1660 ad
406 1622 456 1661 nos
478 1606 582 1661 venerit
604 1622 664 1661 eum
688 1607 806 1662 diaconis
828 1607 984 1663 monasterii
1006 1616 1033 1662 et
1055 1622 1118 1661 cae-

97 1693 165 1767 teris
188 1689 331 1756 iratribus,
355 1697 386 1744 ut
409 1690 473 1745 mihi
496 1690 766 1766 satisfaceret,1quia
788 1693 880 1748 neseio
902 1692 965 1764 quid
989 1692 1117 1747 adversus

96 1795 146 1835 eos
170 1774 303 1832 habebam
326 1775 463 1846 tristitiae)
486 1792 562 1840 eum,
592 1776 716 1849 inquam,
749 1777 933 1833 celebraretur
955 1776 1067 1832 collecta
1090 1775 1118 1831 in

97 1861 213 1920 ecclesia
235 1860 312 1916 rillae
335 1877 405 1933 quac
428 1869 470 1916 est
489 1861 560 1916 iuxta
576 1863 770 1917 monasterium
784 1871 925 1929 nostrum;
948 1862 1119 1935 ignorantem

96 1964 162 2006 eum
191 1953 219 2002 et
240 1944 341 2000 nullam
363 1945 472 2018 penitus
494 1945 640 2001 habentem
664 1948 845 2021 suspicionem
867 1965 916 2022 per
937 1947 1037 2003 multos
1060 1946 1120 2002 dia'·

97 2049 184 2090 conos
207 2028 374 2104 apprehendi
395 2030 533 2095 iussimus,
557 2039 585 2087 et
606 2032 694 2087 teneri
716 2051 747 2089 os
771 2035 838 2098 eius,
862 2050 896 2089 ne
917 2033 988 2088 forte
1010 2031 1120 2087 liberari

97 2134 129 2175 se
151 2115 265 2188 cupiens
288 2115 425 2172 adiuraret
446 2131 496 2172 uos
519 2133 569 2190 per
590 2133 689 2173 nomen
707 2118 821 2175 Christi:
846 2128 873 2191 et
895 2118 1010 2191 primum
1027 2117 1120 2172 diaco-

99 2219 165 2260 num
194 2200 391 2264 ordinavimus,
422 2210 608 2275 proponentes
637 2203 661 2257 ei
684 2204 808 2260 timorem
831 2203 893 2258 liei:
922 2203 997 2258 valde
1020 2187 1152 2274 quippe'

97 2285 290 2349 obnitebatur,
321 2285 459 2358 indignum
483 2302 512 2342 se
535 2302 595 2342 esse
618 2289 784 2344 contestans.
829 2289 875 2343 Vix
898 2303 963 2359 ergo
986 2285 1121 2358 compuli-

99 2389 162 2430 mus
190 2386 253 2427 eum
281 2378 309 2426 ct
336 2370 501 2442 persuadere
524 2371 662 2444 potuimus
685 2373 846 2429 testimoniis
869 2373 1069 2443 Scripturarum
1093 2378 1121 2425 et

98 2456 289 2514 mandatorum
304 2453 361 2510 bei.
392 2455 425 2511 Et
448 2472 509 2511 cum
532 2455 696 2512 ministraret
718 2459 744 2513 in
768 2458 868 2513 sanctis
886 2455 1033 2518 sacrificiis,
1057 2466 1121 2510 rur-

105 2560 151 2599 sus
175 2547 247 2604 eum,
271 2539 376 2613 ingenti
390 2539 548 2596 difficultate
563 2548 640 2596 teuto
656 2558 704 2598 ore
720 2543 787 2606 einis,
811 2541 990 2598 ordinavimus
1006 2539 1123 2614 presby·

97 2637 206 2689 terum,
230 2633 258 2679 et
279 2624 374 2699 iisdem
397 2624 501 2690 verbis,
530 2624 628 2698 quibus
651 2636 728 2683 antea
752 2636 938 2691 suaseramus,
967 2625 1121 2699 impulimus

101 2721 133 2770 nt
154 2710 264 2767 sederet
287 2709 313 2763 in
326 2709 432 2764 ordine
454 2707 616 2783 presbyteri.
646 2712 712 2768 Post
734 2713 801 2768 haee
823 2712 980 2786 scripsimus
1004 2712 1037 2766 ad
1059 2726 1124 2767 san-

99 2806 161 2854 ctos
184 2793 360 2869 presbyteros
382 2795 538 2850 monasterii
560 2804 588 2851 et
610 2805 732 2853 caeteros
753 2797 860 2863 iratres,
884 2806 912 2854 et
927 2796 1123 2870 increpavimus

62 2902 72 2924 ·
96 2899 160 2946 eos,
184 2894 269 2954 quare
292 2894 345 2933 oon
368 2878 543 2959 scripsissent
564 2898 701 2954 supereo
725 2883 798 2952 (cum
819 2893 882 2939 ante
904 2899 1005 2938 annum
1023 2880 1123 2937 multos

100 2982 198 3024 eorum
221 2964 297 3038 queri
321 2963 471 3029 audissem,
501 2981 551 3020 cur
575 2980 631 3022 non
653 2967 786 3025 haberent
807 2969 853 3041 qui
875 2966 927 3023 sibi
950 2966 1055 3022 bomini
1078 2979 1124 3018 sa-

95 3057 241 3109 cramenta
263 3048 439 3114 conficerent,
462 3057 491 3105 et
512 3049 587 3106 illum
608 3069 703 3108 omues
726 3070 776 3110 suo
795 3062 941 3125 poscerent
956 3047 1121 3110 testimonio,

101 3146 131 3193 ct
154 3133 284 3211 grandem
306 3132 450 3189 utilitatem
467 3135 495 3189 iu
511 3135 648 3192 communi
663 3136 820 3194 monasterii
835 3145 1012 3199 testarentur)
1028 3125 1122 3207 quare,

101 3222 223 3296 inquam,
247 3227 313 3275 tuuc
335 3227 444 3292 reperta
466 3222 669 3293 opportunitate
691 3238 746 3278 non
769 3222 942 3295 scripsissent
961 3217 1049 3282 nobis,
1073 3233 1125 3272 nc-

100 3310 158 3379 que
179 3319 264 3378 super
286 3301 456 3359 ordinatione
479 3305 537 3360 eius
559 3305 660 3380 aliquid
681 3307 881 3380 poposcissent.
913 3305 985 3360 llaec
1007 3304 1043 3358 ita
1066 3311 1124 3358 aeta

102 3396 185 3454 stunt,
209 3398 241 3445 ut
261 3388 370 3443 locutus
393 3405 468 3454 sum,
501 3389 528 3444 iu
551 3391 661 3446 caritate
685 3391 798 3454 Christi,
822 3405 902 3462 quam
924 3397 951 3445 te
974 3405 1038 3462 erga
1061 3404 1126 3461 par-

102 3477 213 3532 vitatem
235 3488 321 3528 meam
344 3471 446 3530 habere
467 3474 626 3532 credebam:
651 3490 804 3550 quanquam
826 3475 853 3528 in
868 3474 1034 3531 monasterio
1051 3474 1126 3530 ordi-

101 3559 233 3622 naverim,
257 3568 285 3614 et
306 3573 362 3612 non
382 3557 410 3615 iu
432 3560 560 3631 parochia
582 3576 651 3634 quae
674 3559 722 3616 tibi
745 3557 867 3615 subiecta
882 3560 918 3615 sit
932 3601 1023 3616 .....
1056 3557 1125 3631 Quid

98 3660 172 3719 -ergo
200 3643 250 3700 tihi
278 3641 364 3698 visum
392 3638 435 3698 e'st
463 3644 501 3700 sic
523 3645 640 3720 graviter
661 3644 844 3702 intumescere
866 3653 893 3702 et
914 3645 1007 3703 iactari
1030 3651 1125 3701 contra
