2534 4154
118 301 159 367 92
574 317 685 366 1111111

115 482 208 530 vacat:
232 473 346 529 alterum
367 472 525 546 legitimum,
550 473 604 528 sive
626 472 764 539 festivum,
788 473 860 546 quod
884 465 1028 573 δεύτερον
1047 483 1136 548 putat,

117 559 268 615 cuiusmodi
282 561 445 632 Azymorum
468 558 524 614 dies
548 558 607 623 luit,
630 558 711 631 paulo
733 566 797 632 post
818 558 891 614 addit
913 550 1057 637 δεύτερον
1071 559 1137 618 illud

117 646 144 699 in
167 651 271 717 septem
294 643 444 699 revolutum
467 642 596 716 appellari
610 643 742 743 appiaco.
772 643 821 699 Ubi
836 644 941 699 nescias
956 651 1050 700 utrum
1060 647 1138 719 day·

116 745 222 784 morum
248 732 263 786 't
289 729 359 784 diem
375 728 522 784 Sabbatum
541 718 790 803 deoaeoo‘notocov
811 744 872 784 esse
895 728 1013 793 definiat,
1037 747 1072 784 an
1095 730 1154 804 les

117 823 189 870 stum
211 814 300 888 ipsum
322 814 513 877 Pentecostes‚
537 813 610 886 quad
633 821 661 868 et
682 812 849 868 llaldonatus
872 814 986 869 caeteris
1009 813 1139 872 omnibus

116 899 248 972 praefert,
278 899 311 955 de
340 914 394 973 quo
423 913 472 953 suo
492 897 552 954 loco
576 898 705 953 dicemus.
751 899 803 953 lam
827 914 889 954 vera
913 898 1003 954 nullus
1025 900 1139 972 proprie

115 988 279 1058 daymorum
301 983 358 1039 dies
382 985 399 1040 8
423 982 481 1047 luit,
505 999 566 1038 cum
589 981 731 1038 celebritas
754 984 811 1055 ipsa
833 984 905 1038 intra
927 991 1055 1056 septenas
1080 984 1140 1040 dies

115 1069 238 1132 steterit,
262 1077 292 1124 ut
315 1068 508 1124 extensae
533 1075 560 1122 et
582 1066 717 1123 1111111112
741 1076 857 1123 constat.
902 1067 957 1124 Nisi
980 1067 1067 1133 lorte,
1099 1069 1139 1125 uti

116 1154 253 1210 Paschatis
282 1162 344 1209 ooto
367 1146 430 1207 ¹'dies
452 1142 587 1208 interdum
609 1153 745 1207 numerari
768 1151 871 1218 solent,
903 1170 935 1209 eo
957 1154 1031 1227 quad
1053 1153 1141 1209 Parn—

117 1255 197 1294 soeue
219 1239 292 1311 ipsa,
317 1237 392 1293 cuias
419 1236 469 1292 sub
492 1252 631 1310 vesperam
654 1253 739 1309 agnus
763 1237 934 1302 immolatur,
957 1237 1061 1310 primus
1085 1237 1139 1294 ra-

116 1324 215 1379 sehatis
247 1321 303 1378 dies
332 1322 462 1386 habetur,
492 1322 565 1394 quod
594 1338 625 1377 en
654 1320 756 1377 isidoro
786 1339 868 1395 supra
897 1322 1068 1387 monuimus,
1099 1323 1140 1379 sie

115 1409 195 1464 etiam
218 1410 380 1482 Azymorum
409 1407 495 1480 prima
525 1406 581 1461 dies
610 1407 702 1461 eadem
730 1406 774 1462 illa
803 1407 952 1462 Parasceue
982 1416 1136 1464 censeatur.

116 1493 172 1561 Qua
195 1494 299 1549 ratione
321 1493 429 1564 loseph.
446 1491 518 1563 ilrig.
538 1493 565 1556 2,
584 1494 600 1546 5
624 1476 786 1563 Azyinorum
807 1491 905 1546 lestum
928 1490 1024 1547 diebus
1048 1494 1065 1550 8
1090 1509 1139 1549 ee-

114 1578 213 1633 lebrari
236 1578 310 1633 dixit.
339 1576 408 1631 lllud
430 1533 573 1631 llaldonali
596 1576 661 1630 satis
685 1575 774 1631 mirari
798 1592 853 1631 non
868 1593 989 1649 possum,
1014 1577 1089 1650 quad
1104 1577 1137 1634 de

115 1664 208 1718 cadem
231 1661 391 1735 quaestione
413 1677 445 1714 ex
468 1676 516 1715 sua
539 1660 666 1734 opinione
687 1661 763 1715 illo
757 1678 783 1715 m
805 1660 867 1717 loeo
882 1661 999 1716 disserit.
1030 1661 1138 1718 Relellit

115 1749 186 1803 enim
208 1746 350 1820 Epiphanii
378 1745 546 1819 aliorumque
580 1745 758 1810 sententiam,
788 1745 837 1817 qui
859 1745 1014 1801 Sabbatum
1036 1763 1138 1802 secuu-

114 1833 284 1903 do-primura
305 1831 377 1885 diem
399 1831 521 1901 aliquem
542 1828 708 1899 myreorum
728 1831 958 1902 interpretantur.
989 1829 1048 1886 Nea
1064 1833 1139 1886 111ιί111

115 1918 159 1970 die
186 1919 231 1979 15,
255 1916 366 1971 1111120
389 1914 491 1971 Martii
512 1916 608 1986 spicae
628 1923 759 1969 maturae
782 1931 840 1969 esse
858 1923 1022 1987 potueruut.
1055 1915 1139 1984 Quod

115 2001 187 2054 euim
209 2000 323 2071 quidaiu
345 2001 560 2064 adnotaverunt,
583 2001 613 2054 iu
632 1999 799 2054 Palaestina
822 2017 853 2054 eo
877 2008 998 2072 tempore
1017 2009 1139 2073 propter

115 2085 301 2139 uehementem
328 2085 451 2139 calorem
477 2093 582 2155 sepetes
610 2085 709 2139 solitas
731 2093 932 2149 maturescere,
960 2087 1054 2159 fictum
1076 2102 1138 2141 esse

114 2170 247 2225 arbitror.
280 2168 354 2224 Nam
374 2168 475 2240 festum
493 2169 702 2240 primitivorum
724 2170 882 2224 celebratur
904 2170 1137 2241 quinquepesimo

113 2257 158 2310 die
177 2263 243 2327 post
257 2254 378 2319 Pascha,
402 2255 562 2309 celebratur
584 2261 677 2308 autem
698 2255 782 2309 simui
803 2263 886 2326 atque
905 2256 1002 2326 prima
1023 2256 1090 2326 fata
1104 2257 1136 2312 iu

105 2340 228 2394 messem
249 2341 417 2395 mittebatur.
449 2338 514 2394 Noa
536 2355 601 2411 erpo
620 2347 754 2411 poteraut
774 2339 806 2394 iu
819 2340 891 2411 sesto
907 2336 1083 2409 Arpinorum,
1105 2342 1139 2396 iti

114 2433 154 2479 est
176 2425 382 2497 quinquaqinta
405 2433 470 2480 aute
492 2425 598 2490 diebus,
621 2433 726 2495 sepetes
749 2439 808 2478 esse
823 2432 960 2478 maturae.
992 2424 1064 2480 llaec
1079 2424 1136 2481 illc.

113 2509 198 2582 Negat
226 2509 318 2583 itaque
346 2510 410 2583 ipsis
440 2513 603 2583 Azymorum
632 2509 727 2565 diebus
756 2518 875 2564 maturas
904 2509 986 2564 luisse
1014 2514 1133 2582 segetes,

114 2609 176 2649 eum
199 2595 423 2668 quinquagesimo
446 2595 563 2668 primum
586 2603 680 2668 postea
697 2594 739 2649 die
755 2593 848 2649 lalcem
865 2593 1034 2649 immiserint.
1059 2594 1136 2663 Quae

114 2677 221 2749 quidem
252 2695 307 2732 nan
336 2678 403 2733 lalso
433 2687 537 2733 tantum
567 2679 652 2743 dicta,
682 2679 730 2733 sed
760 2688 787 2733 et
809 2678 964 2751 Scripturas
988 2679 1135 2735 manifeste

113 2762 248 2817 contraria
276 2770 349 2816 sunt.
395 2762 460 2829 Quis
489 2763 575 2818 nescit
604 2762 722 2817 secunda
745 2765 906 2836 Azymorum
935 2764 978 2818 die
1001 2780 1133 2820 notarum

112 2845 221 2918 frugum
243 2845 409 2918 manipulum
432 2845 552 2901 oblatum
570 2844 674 2901 luisse‘l
695 2847 921 2919 quemadmodum
937 2849 1018 2905 berit.
1033 2850 1129 2914 23,11

112 2930 291 3004 praecipitur,
321 2943 420 2989 tram·
444 2942 576 2994 11-1111111,
606 2931 659 2985 hoa
688 2939 730 2985 est
752 2933 877 3004 sequenti
899 2942 962 3034 ppst
984 2933 1132 2990 Sabbatum

113 3016 180 3084 (sive
202 3015 310 3079 lestum,
334 3014 361 3069 id
384 3023 426 3069 est
447 3017 608 3087 azymorum
631 3014 756 3088 primam)
779 3015 830 3081 die,
854 3018 893 3094 τῇ
914 3008 1060 3093 ἐπαύριον
1079 3018 1135 3094 τῆς

111 3092 244 3178 πρώτης,
267 3109 298 3155 ut
320 3108 395 3155 reete
417 3099 481 3154 LXX
504 3099 688 3155 reddiderunt
719 3099 758 3154 Ab
781 3100 834 3157 hoe
856 3119 919 3158 vero
943 3103 995 3168 die,
1018 3103 1072 3159 hoc
1089 3110 1134 3159 est

112 3205 127 3242 a
157 3188 375 3281 2laymprum,
407 3188 422 3241 7
448 3183 629 3240 hebdomadas
659 3185 853 3250 numerabant,
883 3187 983 3261 quibus
1006 3187 1130 3253 evolutis,

112 3271 335 3345 quinquagesimo
358 3271 466 3326 demum
489 3269 531 3325 die
553 3287 608 3325 non
631 3270 727 3343 spicas,
751 3278 797 3326 aut
818 3271 980 3345 manipulos,
1004 3273 1052 3327 sed
1073 3273 1134 3346 pri-

112 3357 218 3413 mitivos
247 3371 336 3450 panes·
360 3354 526 3411 obterebant:
557 3371 674 3428 eumque
696 3366 802 3419 nata,
832 3357 884 3413 hoe
914 3365 956 3413 est
983 3357 1130 3413 clausulam

112 3441 291 3538 appellabant,
315 3440 369 3496 sive
390 3448 556 3514 postremam
579 3439 742 3495 celebritatis
765 3440 845 3496 diem
876 3442 904 3497 ln
928 3459 982 3540 qpo
998 3443 1133 3516 loseplrus

113 3534 194 3588 errat,
218 3516 360 3599 qui-3191.
378 3527 405 3590 3,
422 3528 456 3582 10
473 3525 510 3581 ita
525 3524 633 3581 scribit:
657 3519 961 3604 spillaraquoaap,u
942 3545 980 3602 ην
991 3519 1130 3604 Ἑβραῖοι

107 3599 270 3684 Ἀσσαρθὰ
283 3607 417 3665 ’καλοῦσι
426 3628 509 3684 ‚aql
497 3605 596 3683 μαίνει
619 3603 653 3666 δὲ
674 3610 765 3666 τοῦτο
789 3604 1001 3686 πεντηκοστήν.
1031 3614 1133 3669 Assar-
