2534 4154
472 329 762 382 Aututuvtastouts
1066 314 1128 377 2⁴19
1210 368 1212 372 ⁴

113 503 138 541 c.
157 485 206 550 54,
223 525 224 529 ,
241 482 288 539 uhi
318 482 426 556 Gyelum
455 483 587 538 Lunarem
618 500 679 539 cum
707 483 949 540 decemnovennali
976 499 1133 556 proponens

114 585 215 625 annum
242 568 313 623 illius
341 567 458 639 primum
488 585 549 623 cum
571 569 826 624 decemnovennalis
850 568 922 642 Cycli
944 576 1041 640 quarto
1064 585 1133 624 con-

113 655 201 727 iungit
222 661 250 709 ει
272 651 413 708 allalend.
431 653 559 709 Ianuariis
581 653 703 708 inchoari
725 654 798 710 dicit.
823 654 876 709 Ἐει
899 662 988 709 autem
1004 652 1132 708 Ianuariis

113 738 241 795 Kalendis
269 737 364 792 allisus
386 738 491 792 Aureus
513 736 646 793 Numerus
672 741 698 796 3.
743 739 829 811 Igitur
849 739 952 811 primus
975 744 1018 793 est
1042 740 1089 799 19,
1117 753 1133 792 a

113 841 170 896 quo
192 830 305 896 quartus
329 831 370 877 εει
387 822 494 878 tertius.
527 823 646 890 Quoddn
662 822 837 895 sequentibus
855 823 996 896 Cyelorum
1012 816 1132 877 numeris

113 917 273 964 constanter
294 914 377 962 tenet
408 906 528 978 Exempli
551 924 645 962 caussa
668 924 754 962 annus
771 908 842 980 Cycli
857 908 969 963 Lunaris
990 909 1024 964 16
1044 907 1132 962 Bedae

114 1002 159 1050 cst
180 990 430 1048 decemnovennalis
452 995 496 1055 19,
521 991 567 1064 qui
589 1010 602 1046 a
619 992 674 1046 XVl
689 991 747 1047 llal.
763 993 866 1047 lanuar.
883 991 985 1065 incipit,
1010 993 1072 1048 llee.
1084 995 1131 1054 17,

113 1095 129 1134 a
153 1095 207 1152 quo
229 1076 323 1149 incipit
345 1093 431 1130 annus
454 1076 497 1131 cui
518 1076 651 1132 Numerus
674 1094 772 1132 aureus
795 1078 920 1132 convenit
939 1080 985 1134 18.
1016 1076 1133 1134 Proinde

114 1179 215 1218 aureus
242 1177 372 1217 numerus
400 1161 434 1218 18
459 1170 500 1216 est
527 1163 561 1218 19
587 1161 657 1234 Cycli
680 1161 945 1218 llecemnovennalis.
989 1162 1132 1218 Postremo

64 1248 67 1254 ’
113 1263 177 1304 cum
199 1244 454 1302 Decemnovennalis
471 1245 542 1319 Cycli
564 1246 651 1318 primo
673 1256 743 1302 anno
759 1247 871 1301 Lunaris
891 1250 925 1303 17
950 1247 1131 1318 componitur,

114 1333 229 1404 eiusque
251 1331 357 1386 initium
380 1330 509 1386 statuitur
530 1330 613 1386 Nonis
635 1330 790 1386 Decembris
813 1331 937 1404 {Corrige
952 1331 1008 1384 Vlll
1022 1331 1061 1386 ld.
1079 1330 1134 1386 ue-

114 1416 203 1474 cemb.
243 1415 313 1471 Nam
343 1431 375 1471 ex
396 1415 556 1488 compendio
579 1424 704 1471 notarum
726 1416 930 1489 prolectusest
952 1432 1042 1478 error,
1071 1431 1132 1470 cum

114 1501 247 1575 seriptum
269 1509 342 1556 esset
364 1499 429 1555 Vlll.
452 1500 495 1572 lll.
520 1501 592 1573 quod
615 1500 704 1556 Nonas
726 1502 789 1557 llec.
812 1500 938 1556 librarius
961 1517 1021 1555 esse
1044 1499 1134 1554 credi—

115 1587 176 1657 dit).
206 1585 308 1659 Atqui
330 1601 417 1639 annus
440 1584 472 1640 ab
495 1585 550 1640 Vlll
573 1585 611 1640 ld.
635 1585 698 1640 llec.
721 1573 891 1658 auspicatur,
914 1585 1061 1640 Numerum
1083 1601 1134 1639 an-

114 1688 193 1727 teum
216 1671 297 1743 origit
323 1672 369 1726 19.
401 1669 471 1726 Satis
494 1670 577 1742 igitur
598 1678 704 1725 constat
728 1671 836 1743 Cyclnm
857 1669 1133 1726 Decemnovennalem

114 1756 153 1835 al).¹
171 1772 255 1812 aureo
270 1755 388 1810 Numero
404 1757 440 1811 19
462 1754 568 1809 initium
591 1771 696 1827 capere.
732 1755 814 1811 Cuius
837 1756 904 1810 haec
925 1754 1014 1810 allerri
1037 1769 1133 1810 caussa

114 1849 217 1915 potest.
247 1839 360 1896 Nummi
382 1856 526 1895 aureorum
542 1838 721 1894 Numerorum
744 1857 774 1895 ae
791 1840 862 1913 Cyrli
877 1838 1133 1896 decemnovennalis

114 1925 273 1982 methodum
297 1923 330 1980 ab
353 1922 537 1979 Alexandrinis
561 1933 733 1996 acceperunt.
774 1925 909 1993 Quicum
931 1926 1020 1982 'lhoth
1043 1940 1133 1988 suum,

114 2011 239 2083 adeoque
261 2009 324 2065 anni
345 2009 506 2081 principium
529 2008 561 2064 ab
584 2008 699 2082 Augusti
723 2012 762 2068 29
786 2011 930 2075 ducerent,
961 2027 1058 2066 aureos
1080 2025 1135 2064 nu-

113 2113 205 2152 meros
234 2094 351 2150 indidem
379 2093 551 2149 inchoabant,
596 2093 651 2150 llos
681 2095 776 2151 imitati
801 2104 897 2168 postea
919 2095 1020 2159 Latini,
1051 2093 1134 2168 quia

114 2180 238 2247 Paschali
259 2195 362 2244 mense,
386 2180 439 2234 hoc
462 2188 503 2235 est
518 2179 613 2234 Martio
635 2179 676 2234 vel
691 2179 790 2252 Aprili,
809 2197 915 2236 sacrum
937 2197 1037 2235 annum
1059 2177 1136 2234 ordi-

114 2275 221 2330 rentur,
245 2281 342 2320 aureos
364 2263 506 2328 Numeros,
540 2281 608 2336 quos
632 2281 693 2319 cum
715 2264 899 2320 Alexandrinis
921 2265 1064 2335 adusque
1087 2278 1136 2318 ex·

90 2351 226 2407 “mntem
241 2352 393 2422 Augustum
415 2365 572 2404 communes
595 2347 755 2413 habuerant,
780 2358 837 2405 toto
860 2366 931 2404 anno
946 2345 1133 2421 pertesebant.

114 2436 201 2508 Igitur
223 2451 293 2489 anno
316 2433 479 2506 dionysiano
497 2434 566 2496 281,
592 2432 672 2504 Cyclo
687 2432 928 2488 [decemnovennali
949 2435 994 2497 19,
1018 2424 1143 2487 Alexan-¹

114 2519 187 2577 drini
214 2519 247 2575 ab
269 2518 385 2591 Augusti
409 2520 447 2574 29
472 2517 514 2572 die
538 2516 646 2589 Cprlum
669 2517 785 2589 primum
808 2534 949 2573 numerare
972 2522 1132 2590 coeperunt,

113 2603 229 2661 Romani
254 2620 318 2658 vero
346 2611 435 2659 totum
457 2619 557 2657 anuum
580 2601 711 2657 lulianum
733 2619 815 2658 aureo
838 2602 955 2659 Numero
983 2605 1017 2659 19
1041 2600 1134 2658 consi·

114 2697 242 2763 gnorunt.
273 2688 339 2744 Post
360 2704 431 2744 anuo
456 2689 515 2745 285
539 2704 600 2743 cum
615 2686 798 2742 Alexandrinis
821 2704 933 2743 aureum
955 2704 1098 2744 numerum
1117 2689 1130 2744 1

115 2774 206 2832 exorsi
228 2781 301 2829 sunt.
344 2772 383 2828 Ex
404 2790 459 2845 quo
481 2773 581 2828 lactum
603 2780 724 2843 apparet,
747 2781 779 2828 ut
801 2772 873 2846 Cycli
899 2775 934 2831 19
958 2773 1061 2847 primus
1083 2783 1185 2833 an-300

114 2874 168 2915 nus
190 2859 271 2914 luerit
293 2859 368 2913 aurei
388 2857 560 2914 numeri19.
599 2857 664 2911 Nam
687 2857 759 2929 quod
782 2857 929 2914 doctissimi
951 2859 1058 2931 quidam
1081 2874 1133 2912 au·

114 2960 193 3000 reum
221 2942 368 2999 Numerum
392 2946 409 3001 3
437 2943 543 2998 initium
572 2941 827 2999 decemnovennalis
854 2943 926 3016 Cycli
954 2944 1132 3005 constituunt,

114 3037 261 3103 propterea
284 3029 357 3100 qvvod
380 3027 436 3084 llal.
460 3029 515 3082 lan.
539 3026 633 3082 allisus
656 3035 706 3092 est,
741 3037 835 3084 contra
857 3029 943 3083 Bedae
965 3028 1134 3098 aliorumque

114 3122 239 3169 veterum
266 3112 293 3167 id
320 3113 512 3169 authoritatem
541 3121 682 3178 asserunt;
711 3130 800 3186 neque
821 3112 888 3167 illud
909 3111 1132 3173 animadvertunt,

116 3198 189 3272 Cycli
216 3201 251 3255 19
275 3197 380 3253 initium
401 3215 456 3252 non
480 3197 648 3276 alanuario,
673 3199 721 3253 sed
743 3198 776 3253 ab
795 3197 887 3269 Aprili,
908 3198 960 3251 hoc
983 3204 1025 3251 est
1047 3194 1079 3249 ab
1103 3211 1134 3250 ea
1235 3258 1241 3275 ⁸

114 3284 205 3347 Luna,
236 3300 304 3356 quae
332 3284 360 3339 in
380 3282 498 3355 Aprilem
528 3281 640 3346 desinit,
671 3299 704 3337 ex
731 3282 837 3337 illorum
866 3281 1000 3336 sententia
1028 3279 1133 3336 deduci.

115 3368 185 3424 llinc
208 3385 308 3423 annum
337 3367 452 3440 primum
476 3385 508 3422 ex
530 3366 649 3440 llionysii
671 3367 795 3421 instituto
818 3374 922 3421 veteres
945 3365 983 3420 illi
1005 3365 1098 3420 dicunt
1119 3381 1134 3419 a

114 3453 189 3509 Prid.
212 3453 282 3508 Non.
304 3455 369 3526 Apr.
392 3442 523 3507 inchoari.
536 3460 563 3506 et
585 3451 612 3506 in
634 3450 722 3506 Martii
744 3452 782 3506 22
807 3450 956 3514 desinere,¹
970 3450 1049 3524 eique
1073 3453 1133 3508 353

114 3538 173 3595 dies
196 3540 324 3594 duntaxat
347 3544 511 3609 competere,
535 3535 608 3608 quod
629 3535 656 3590 in
680 3551 741 3590 cum
756 3535 856 3600 Lunae,
880 3535 918 3591 sic
942 3535 1012 3590 enim
1027 3544 1134 3600 vocant,

116 3624 205 3680 saltus
225 3623 361 3688 incurrat,
391 3638 460 3696 quac
483 3629 524 3678 est
545 3620 627 3676 unius
650 3619 692 3674 die
715 3620 846 3693 superflui
868 3613 1022 3698 ἐξαίρεσις.
1066 3620 1134 3677 Turn
