2534 4154
157 302 217 366 tas
612 316 724 367 sarim

151 476 256 533 diversa
278 473 380 529 luerint
401 472 540 536 instituta,
564 471 642 526 variis
666 480 796 546 usurpata
817 460 997 544 temporibus.
1041 472 1110 530 Nam
1130 472 1176 530 alii

151 561 254 616 Pascha
277 575 309 614 ex
332 557 545 614 Caesariensium
567 556 683 612 formula
705 574 720 612 a
742 557 785 613 die
806 556 894 612 llartii
917 559 956 614 22
979 557 1013 613 ad
1035 559 1121 632 April.
1135 559 1173 617 21

152 643 335 705 celebrabant,
359 641 455 698 diebus
479 645 533 706 31,
562 641 609 715 qui
632 649 674 697 est
695 641 798 715 primus
821 659 954 698 novorum
976 644 1098 708 mensis,
1121 645 1177 702 sire

151 721 267 805 Koraia.
298 728 380 783 lidem
403 743 599 800 saepenumero
623 727 649 782 in
673 727 732 800 ipso
755 727 882 792 termino,
906 727 1014 800 quoties
1037 745 1104 785 cum
1119 729 1179 786 llo·

152 815 248 870 minica
270 811 459 876 concurrebat,
483 813 587 867 Pascha
609 828 689 867 suum
712 811 858 885 agitabant.
891 811 973 868 Cuius
988 814 1028 868 rei
1044 814 1178 871 nonnulla

152 916 213 956 cum
242 897 314 971 apud
337 898 490 970 Scriptores
518 897 600 961 alioS,
632 907 690 952 tum
715 915 779 953 vero
802 897 964 970 Gregorium
986 897 1178 956 'luroneusen

153 993 180 1039 et
203 983 375 1056 sigebertum
398 981 518 1054 exempla
541 981 678 1054 leguntur.
714 982 792 1038 hlind
814 983 973 1039 Latinorum
995 1000 1084 1056 genus
1108 985 1180 1041 erti-

153 1069 194 1132 tit,
218 1068 292 1142 quod
314 1085 370 1123 non
393 1066 536 1123 Christiani
559 1066 648 1122 solum
669 1067 808 1123 Paschatis
831 1076 860 1123 et
882 1059 1106 1143 ἀναστασίμου,
1129 1086 1180 1126 ve-

152 1171 213 1208 rum
236 1153 316 1209 etiam
331 1152 430 1208 ludaiei
454 1161 481 1208 et
496 1146 713 1227 σταυρωσίμου
728 1153 860 1208 rationem
877 1152 1001 1209 haberet.
1032 1154 1178 1228 Nunquam

153 1238 225 1294 enim
253 1245 315 1294 ante
342 1241 377 1295 14
401 1238 503 1293 hanam
526 1237 683 1291 Passionem
707 1237 871 1293 Dominicam
895 1237 1033 1295 celebrare
1056 1255 1180 1296 consua-

152 1331 255 1388 verant,
279 1324 412 1394 eligentes
433 1323 528 1395 potios
551 1321 600 1389 (ait
622 1320 768 1393 Victorius)
790 1323 822 1394 afa
844 1322 927 1378 Lana
952 1325 991 1380 22
1014 1325 1089 1380 diem
1110 1325 1179 1397 sesti

86 1400 89 1405 ’
151 1408 301 1464 Paschalt‘s
330 1409 494 1472 eateadere,
526 1423 611 1479 qaam
637 1406 815 1462 Dominicam
840 1408 1006 1463 Passionem
1028 1409 1114 1465 bana
1140 1412 1178 1468 ta

151 1496 294 1550 attateaas
315 1493 455 1549 inchoari.
486 1492 561 1547 Unde
583 1491 622 1546 illi
644 1488 999 1569 τεσσαρεσκαιδεκατΐται
1021 1510 1091 1549 nova
1107 1511 1181 1570 qna-

153 1580 213 1636 dam
241 1579 346 1634 ratione
376 1577 505 1650 appellari
533 1585 662 1650 possunt,
693 1594 747 1632 non
771 1578 844 1650 quod
867 1569 1049 1634 Christianum
1072 1579 1181 1636 Pascha

152 1665 227 1719 Luna
254 1667 290 1720 14
313 1671 476 1735 peragerent
498 1678 632 1733 unquam,
662 1660 710 1716 sed
740 1663 814 1735 quod
835 1663 863 1718 in
886 1663 979 1719 eadem
1002 1658 1181 1740 σταυρώσι-

151 1766 220 1821 μον,
244 1748 317 1821 quod
340 1756 368 1802 et
388 1747 525 1802 Iudaicum
549 1747 608 1810 luit,
632 1745 789 1802 obeundum
812 1755 949 1820 putarent.
979 1748 1052 1804 llaec
1074 1749 1109 1804 de
1125 1749 1182 1806 La-

154 1833 272 1887 tinorum
296 1832 391 1904 Cyclo,
421 1833 530 1904 rituque
553 1830 692 1896 Paschali,
722 1831 795 1904 quod
821 1841 849 1889 et
871 1832 1181 1900 Quartadeeimanorum

100 1917 287 1990 taoappendis
309 1916 440 1988 quaedam
464 1925 546 1978 esset,
571 1925 599 1970 et
620 1932 675 1971 non
698 1917 763 1972 satis
787 1918 924 1990 explorata
946 1917 1054 1974 illorum
1072 1929 1182 1993 myste-

152 2003 191 2057 ria
214 2001 297 2056 luisse
319 2000 382 2055 viris
406 2002 485 2056 etiam
508 2000 620 2055 eruditis
643 2001 884 2057 animadverterim.
917 2003 975 2072 Qua
998 2003 1031 2059 de
1054 2022 1083 2060 re
1107 2005 1202 2062 ube·.

152 2087 210 2142 rior
230 2086 294 2141 alias
317 2085 482 2141 instituenda
497 2084 655 2157 disputatio.
685 2085 812 2141 Eiusdem
830 2104 912 2160 porro
929 2089 1039 2144 Victorii
1055 2091 1179 2161 regulae,

153 2189 183 2228 ac
211 2171 334 2227 methodi
361 2170 468 2244 insigne
497 2169 617 2225 occurrit
649 2170 801 2243 exemplum
830 2173 901 2244 apud
928 2174 1042 2247 Cragon.
1072 2174 1179 2232 Paron.

152 2257 199 2313 lib.
215 2261 250 2314 10
273 2257 342 2312 Hist.
365 2273 389 2312 c.
407 2258 463 2314 23:
493 2255 540 2310 ubi
562 2271 633 2310 anno
661 2258 697 2311 15
721 2255 902 2321 childeberti,
926 2258 1085 2314 Paschalem
1109 2277 1183 2317 can·

153 2342 312 2399 troversiam
334 2350 455 2398 exortam
478 2358 539 2397 esse
557 2340 645 2406 relert
668 2340 702 2395 ob
726 2341 788 2405 hoc,
812 2343 886 2416 quod
902 2342 993 2400 Victor
1016 2343 1181 2410 (Victoriam

151 2429 315 2502 Aquitanum
338 2427 476 2500 intelligit)
499 2443 561 2482 cnm
583 2427 658 2481 Luna
685 2429 720 2483 15
744 2427 846 2483 Pascha
869 2427 928 2483 steri
951 2429 995 2498 (ab
1017 2428 1181 2487 Alexandri-

152 2513 194 2567 nis
216 2511 352 2582 videlicet)
375 2513 544 2585 scripsisset;
568 2528 602 2566 ne
626 2510 771 2567 Christiani
794 2512 886 2568 eadem
910 2529 963 2585 qua
985 2514 1076 2569 ludaei
1102 2515 1181 2572 Luna

81 2617 86 2630 ·
152 2597 255 2651 Pascha
277 2606 456 2669 peragerent,
485 2596 602 2660 addidit,
632 2596 719 2652 Latini
742 2606 833 2653 antem
855 2598 930 2652 Luna
955 2599 1004 2655 22.
1051 2596 1093 2654 05
1115 2600 1178 2667 hoo,

151 2680 254 2751 inquit,
283 2682 366 2737 malti
396 2684 427 2736 ia
451 2679 556 2737 Cattae
585 2685 619 2737 15
643 2680 726 2737 bana
748 2682 862 2737 Pascha
884 2683 1072 2738 celebrarant.
1118 2684 1180 2742 Nos

151 2773 246 2820 autem
270 2767 319 2820 22.
356 2765 394 2821 lle
417 2767 470 2821 hoc
493 2766 617 2838 Gregorii
638 2765 699 2821 loco
721 2767 780 2823 vide
804 2767 914 2823 omnino
949 2784 1018 2840 quae
1041 2768 1181 2828 1111111-

151 2850 232 2923 phori
249 2849 412 2905 Breviarium
435 2850 630 2906 adnotavimus.
661 2851 710 2905 Est
733 2853 804 2907 enim
825 2851 947 2908 illustris.
980 2852 1030 2908 Ubi
1051 2871 1103 2909 nos
1127 2872 1179 2911 an·

152 2951 218 2990 num
245 2933 415 2991 ostendimus
444 2951 499 2990 non
529 2951 588 2989 esse
618 2933 718 2991 Christi
743 2939 817 3001 588,
851 2943 883 2991 ut
904 2936 1025 3010 Scaliger
1053 2940 1177 3011 putabat.

151 3020 210 3076 Hoc
238 3020 310 3076 enim
338 3036 409 3074 anno
438 3018 525 3075 Latini
554 3036 585 3073 ex
608 3018 719 3075 Victorii
746 3020 840 3093 regula
868 3021 971 3077 Pascha
1002 3022 1178 3082 celebrarunt

151 3105 238 3161 llartii
262 3107 311 3170 21,
336 3105 411 3160 Luna
437 3106 482 3169 16,
506 3120 561 3159 non
586 3104 635 3160 22.
673 3103 739 3159 Cum
762 3106 838 3160 Luna
865 3109 900 3162 14
924 3107 950 3162 11
974 3107 1066 3164 leriam
1091 3113 1108 3166 5
1133 3111 1179 3167 11-

151 3191 247 3247 ciderit
269 3189 356 3245 llartii
381 3191 408 3247 8.
454 3189 543 3257 Quare
565 3188 633 3243 alius
656 3205 743 3244 annus
766 3190 939 3262 quaerendus
963 3200 1019 3256 est,
1043 3194 1091 3266 qui
1114 3195 1180 3270 qui·

152 3276 213 3331 dem
235 3277 341 3332 videtur
364 3291 425 3331 esse
448 3273 547 3330 Christi
573 3274 649 3338 590,
674 3273 754 3347 Cyclo
777 3274 895 3331 Nicaeno
920 3278 947 3341 2,
972 3277 1043 3334 Solis
1071 3282 1118 3344 ll,
1142 3280 1179 3336 li·

152 3370 210 3415 tera
232 3361 338 3417 Domin.
367 3364 399 3416 Α.
422 3358 567 3417 Neomenia
590 3359 728 3414 Paschalis
751 3360 908 3416 latinorum
931 3370 958 3417 et
979 3363 1179 3422 Alexandrino·

152 3461 213 3499 rum
241 3445 328 3501 hlartii
354 3447 406 3502 12:
437 3444 540 3501 decima
568 3452 679 3517 quarta.
710 3444 798 3501 ldartii
827 3448 884 3511 25,
914 3447 980 3502 lenia
1006 3451 1032 3504 7.
1079 3449 1120 3504 Ob
1149 3449 1178 3505 id

152 3528 323 3585 Alexandrini
350 3530 437 3586 Martii
468 3532 528 3595 26,
554 3530 629 3585 buna
661 3531 696 3586 15
725 3529 828 3587 Pascha
856 3531 1002 3586 Nicaenum
1029 3532 1176 3589 obierunt.

152 3612 255 3679 Latini,
283 3631 319 3670 ne
351 3617 388 3673 13
410 3616 486 3672 buna
508 3614 646 3671 Passionis
670 3614 824 3672 bominicae
853 3616 966 3672 solenne
994 3616 1176 3684 celebrarent,
