2534 4154
107 319 197 365 xbvlll
517 318 542 369 S.
561 317 717 376 saltatura,

84 464 188 532 ''etiam
217 475 330 530 loannes
359 473 386 528 in
418 471 486 529 urbe
514 472 636 546 Epheso,
673 481 701 528 et
727 473 844 547 Philippi
872 473 943 530 tiliae
972 471 1127 546 hierapolis

108 555 271 632 multosque,
295 567 349 615 tam
371 574 403 614 ex
424 557 541 631 antiquis
563 573 643 631 quam
666 574 698 613 ex
720 567 829 615 nostrae
843 558 989 614 memoriae
1004 559 1056 632 piis
1071 559 1128 614 ho·

108 641 239 706 minibus,
263 643 356 699 eadem
378 658 573 737 saepenumero
595 642 713 715 gessisse
735 645 925 717 comperimus.
970 644 1000 699 ld
1022 652 1123 708 autem,

108 727 181 803 quod
202 727 293 784 dicere
314 728 454 801 proposui,
478 727 632 782 huiusmodi
655 737 706 782 est.
795 766 796 770 ,

187 813 243 870 ·.25
289 811 383 868 “lluo
396 811 503 888 quidam
525 811 657 876 mendici,
686 829 748 867 cum
771 812 949 886 Epiphaniam
971 814 1125 870 venientem

108 872 306 962 observassent,
329 905 360 953 ut
381 898 443 970 plns
464 896 595 970 pecuniae
616 895 649 952 ab
673 913 706 953 eo
721 905 909 970 emungerent,
932 897 1125 972 alterquidem

109 997 217 1045 eorum,
236 998 319 1054 super
339 983 427 1039 solum
450 988 601 1046 extensus,
611 990 719 1038 mortuo
742 982 834 1038 similis
857 983 952 1049 iacuit3
976 983 1125 1040 elteruero

108 1083 194 1140 prope
216 1074 291 1123 stans
309 1064 444 1140 plorabat,
465 1066 545 1122 annul
559 1066 657 1122 sodalis
673 1067 714 1121 sni
730 1075 845 1122 mortem
860 1067 1019 1132 lamentans,
1043 1069 1125 1124 simul

109 1159 256 1224 egestatem
279 1168 354 1207 suam
377 1166 503 1225 querens,
527 1151 600 1226 qnod
621 1151 696 1206 illum
718 1151 833 1225 sepelire
855 1169 910 1207 non
926 1161 1029 1225 posset.
1059 1153 1122 1226 Epi⁴

108 1236 224 1309 phanias
239 1252 312 1300 vero,
337 1236 435 1293 iacenti
449 1236 570 1309 requiem
586 1245 757 1307 appreensus,
775 1253 805 1291 ea
822 1253 891 1310 quae
907 1237 939 1292 ad
956 1237 1125 1310 sepulturam

109 1320 260 1376 necessaria
290 1331 367 1377 erant
388 1321 548 1376 mendicanti
571 1320 694 1385 donavit,
723 1319 854 1393 ssentique
876 1321 956 1378 dixit:
987 1321 1056 1379 Cura
1079 1340 1127 1381 se·

108 1403 244 1479 pulturam
273 1415 300 1461 et
328 1406 436 1478 plorare
457 1406 559 1468 desine,
582 1404 635 1471 fili3
666 1405 847 1478 nequeenim
871 1405 1056 1479 inpraesenti
1080 1424 1128 1464 rc·

108 1499 218 1564 surget:
247 1490 322 1565 qnod
349 1482 411 1547 v'ero
441 1489 537 1545 accidit
565 1489 717 1546 inevitabile
742 1507 773 1546 ao
794 1508 908 1563 prorsus
931 1492 1126 1558 necessariam,

108 1573 135 1630 id
157 1574 220 1632 forti
242 1575 331 1631 animo
353 1573 493 1630 ferendum
516 1584 566 1630 est.
607 1573 640 1629 Et
661 1574 828 1648 Epiphanius
851 1577 960 1648 quidem
982 1577 1024 1632 his
1047 1577 1127 1634 dietis

109 1659 250 1716 abscessit.
281 1659 347 1714 Cum
369 1666 459 1714 autem
481 1674 561 1714 nemo
584 1657 635 1713 iam
658 1659 685 1713 in
708 1669 857 1733 conspectu
880 1669 961 1725 esset,
985 1662 1126 1719 mendicus

109 1751 183 1799 stans
212 1743 345 1798 iacentem
373 1743 442 1815 pede
470 1743 579 1816 pulsare
608 1744 714 1817 coepit,
744 1744 856 1800 laudans
885 1745 958 1817 quod
986 1755 1126 1803 mortuum

109 1827 217 1899 egregie
240 1827 407 1883 simulasset:
431 1836 467 1892 et,
492 1827 588 1901 Surge,
612 1828 714 1902 inquit;
739 1847 771 1884 ex
792 1829 885 1886 labore
908 1840 956 1885 tuo
979 1832 1052 1886 hunc
1068 1832 1129 1889 laa-

109 1918 167 1965 tum
190 1911 370 1982 transigemus
393 1911 472 1968 diem.
503 1913 556 1968 Sed
579 1929 639 1969 cum
655 1914 700 1969 ille
714 1923 849 1987 perpetuo
866 1917 973 1978 iaceret,
999 1924 1026 1971 el
1041 1917 1126 1974 nihilo

72 1988 76 1994 ’
108 1993 169 2068 plus
193 2011 243 2049 neo
265 1995 424 2052 clamantem
446 1997 576 2062 audiret,
595 2015 646 2054 nec
673 1999 736 2069 totis
758 1999 860 2054 viribus
882 2004 1038 2056 monentem
1061 2018 1129 2058 sen·

108 2079 186 2144 tiret3
216 2080 322 2135 concito
351 2082 619 2155 cursuepiscopum
647 2093 803 2149 assecutus,
833 2084 953 2141 fraudem
985 2086 1127 2143 amborum

110 2164 264 2229 confessus,
294 2165 458 2239 ploransque
481 2177 509 2222 et
531 2167 619 2223 crines
646 2167 771 2224 vellicans
806 2169 900 2225 orabat
927 2179 958 2226 ut
981 2171 1071 2226 socius
1095 2173 1129 2228 ad

45 2237 56 2258 ⁰
109 2249 189 2306 vitam
212 2259 392 2306 revocaretur.
424 2252 521 2308 Verum
544 2252 710 2326 Epiphanius
734 2253 870 2309 hominem
893 2255 1008 2320 dimisit,
1033 2256 1129 2312 horta-

15 2378 19 2388 .
110 2345 154 2391 tus
183 2344 214 2391 ut
242 2335 269 2391 id
297 2336 371 2410 quod
393 2337 526 2394 acciderat
547 2355 634 2412 aequo
658 2338 745 2395 animo
770 2339 867 2394 ferret:
897 2341 1047 2396 nonenim
1069 2341 1129 2397 dis·

110 2420 215 2476 solvere
237 2421 321 2478 voluit
343 2422 414 2477 heus
436 2422 462 2477 id
486 2423 559 2495 quod
580 2423 678 2479 lactum
701 2423 802 2488 luerat,
829 2425 994 2497 persuadere
1017 2426 1127 2483 omnino

45 2512 47 2514 ’
110 2505 203 2560 volens
225 2506 389 2570 hominibus,
414 2525 461 2563 cos
483 2508 530 2581 qui
547 2525 576 2564 se
592 2508 659 2564 tales
674 2508 806 2582 praebent
822 2527 885 2583 erga
902 2509 1015 2566 lamulos
1032 2511 1125 2584 ipsius,

110 2587 162 2660 ipsi
183 2589 229 2660 qui
251 2592 340 2646 omnia
361 2592 436 2647 audit
457 2609 488 2648 ao
510 2593 580 2649 videt
603 2593 723 2649 fraudem
749 2596 880 2651 struere’‘.

197 2675 245 2729 26.
290 2675 452 2748 Prophetiae
475 2694 556 2749 porro
580 2679 679 2733 donum
703 2679 728 2734 in
752 2679 916 2751 Epiphanio,
944 2694 997 2750 quo
1021 2681 1127 2736 occulta

111 2765 139 2813 et
160 2772 256 2812 aroana
284 2759 423 2831 pervidere
446 2760 570 2816 divinitus
593 2762 617 2814 ei
640 2779 721 2834 saepe
743 2761 871 2823 dabatur,
900 2763 1002 2819 indicat
1023 2762 1066 2819 illa
1089 2766 1129 2820 si-

110 2840 246 2914 gnificatio
269 2859 347 2898 verae
369 2845 463 2899 mortis
487 2844 559 2909 eius,
583 2845 629 2916 qui
651 2862 709 2900 eam
731 2845 858 2901 simulare
880 2847 1008 2902 duntaxat
1031 2849 1129 2905 crede—

110 2925 191 2981 batur
213 2942 228 2981 a
250 2927 333 2992 socio,
357 2945 418 2983 cum
442 2928 466 2983 ei
487 2928 567 2983 dixit:
596 2929 708 3001 “Neque
730 2929 800 2984 enim
824 2929 850 2984 in
873 2931 1009 3002 praesenti
1032 2949 1129 2987 resur-

111 3011 183 3085 get''.
212 3010 285 3066 ldem
309 3010 409 3069 donum
431 3013 517 3085 primo
541 3030 573 3068 ex
590 3014 725 3068 communi
741 3013 819 3078 larua,
842 3014 939 3069 deinde
954 3016 1063 3087 propria
1079 3034 1129 3072 cx-

111 3095 243 3170 perientia
264 3108 432 3170 agnoverunt
454 3098 507 3154 duo
530 3097 576 3160 illi,
600 3097 633 3153 de
655 3096 754 3171 quibus
776 3099 893 3154 narravit
915 3116 997 3155 senex
1020 3101 1127 3172 quidam

111 3181 138 3236 in
165 3181 232 3239 Vitis
255 3180 379 3247 Patriam,
401 3181 492 3238 libello
508 3183 560 3247 XV,
584 3199 657 3238 num.
676 3184 730 3247 88,
759 3182 908 3256 interprete
931 3183 1055 3258 Pelagio,
1086 3188 1129 3244 his

112 3261 216 3322 verbis:
242 3266 320 3322 “buo
344 3267 450 3339 quidam
473 3277 550 3323 crant
572 3268 723 3324 saeculares
739 3267 873 3341 religiosi;
897 3278 925 3325 et
939 3270 1128 3344 colloquentes

112 3365 213 3415 secum,
237 3352 340 3425 egressi
361 3360 435 3417 sunt,
459 3362 486 3408 et
508 3353 569 3409 laeti
591 3361 655 3409 sunt
677 3353 810 3409 monachi.
841 3355 1054 3413 demulationem
1078 3374 1129 3414 au·

112 3440 168 3489 tem
195 3434 327 3492 habentes
354 3436 426 3492 vocis
450 3438 630 3510 evangelicae,
659 3439 706 3494 sed
729 3455 783 3494 non
806 3441 954 3496 secundum
977 3443 1129 3508 scientiam,

112 3525 297 3577 castraverant
318 3537 349 3576 se
371 3523 448 3594 quasi
469 3531 582 3597 proptor
603 3540 686 3597 regna
708 3523 857 3579 coelorum.
896 3527 1013 3583 hirdicns
1036 3539 1127 3586 autem

112 3602 331 3680 archiepiscopus
360 3606 598 3664 excommunicavit
620 3625 676 3665 eos.
717 3607 757 3663 llli
779 3617 884 3675 autem,
916 3621 1043 3684 putantes
1065 3615 1129 3690 quia
