2534 4154
465 304 756 356 tntusovcasronns.
1051 292 1121 359 aaa

100 459 243 560 baptisato
265 460 423 531 repurpori
454 458 513 516 ltux
536 459 658 518 subiicit:
682 452 784 535 ἐπειδη
807 454 841 518 δὲ
861 450 941 528 ὅλας
962 453 1049 531 ἴδοξέ
1061 478 1122 521 τισι

102 546 166 602 τῶν
193 536 279 645 resecti²
299 537 355 618 την
372 534 493 614 Ἀσίαν,
522 541 698 618 οἰκονομίας
718 539 803 602 ἕνεκα
825 548 888 603 τῶν
907 544 1043 618 πολλῶν,
1071 543 1122 604 δε-

98 629 220 704 χθῆναι
243 621 400 685 αὐτῶντὸ
421 622 698 701 βάπτισμα,ἕστω
720 623 836 688 denoto.
867 629 1009 700 Οοοοὶαα
1028 640 1122 689 catam

104 715 221 771 Anienis
243 715 410 786 quibmdern
428 715 547 787 placuit,
555 716 650 787 pocta
672 732 708 778 oc
729 717 898 773 concordiae
918 718 1015 788 pretia
1032 718 1064 775 id
1077 735 1123 773 re-

102 801 178 856 aaut
200 806 337 871 oportere,
360 807 391 854 nt
411 816 507 854 eorum
519 800 667 872 Baptismc
689 802 870 872 reciperetur,
893 810 952 857 ceto
974 811 1122 874 accepturu.

81 884 175 968 ,Soa
184 883 334 940 mneritas
354 883 563 956 rebaptizandos
586 903 647 941 esse
669 885 826 943 nominatim
854 887 966 945 statuit:
996 880 1048 943 inlr
1068 881 1124 960 μέν

103 987 155 1028 τοι
181 963 276 1044 μέλλῃ
305 969 343 1044 τῇ
365 959 504 1024 καθόλου
527 965 685 1050 οἰκονομία
707 963 852 1075 apotamo
868 963 1001 1027 ἔσεσθαι
1021 958 1124 1041 τοῦῑο,

104 1045 199 1110 uduo
224 1072 269 1132 τῳ
297 1045 363 1109 ἔθει
385 1048 537 1128 χρηστέον
568 1049 618 1110 καὶ
646 1058 711 1122 τοῖς
738 1048 955 1128 οἷκονομήοασι
983 1048 1023 1113 τὰ
1050 1047 1123 1113 καθ

104 1132 189 1214 ἡμᾶς
215 1129 369 1213 πατράσιν
396 1131 633 1213 ἀκολουθητέον.
674 1139 728 1196 Sin
749 1149 789 1196 eat
809 1147 850 1199 ut
861 1141 980 1197 iteratus
1000 1142 1051 1197 itte
1074 1143 1124 1199 bu-

101 1226 224 1298 pa'arnus
250 1225 319 1296 poci
344 1223 491 1280 Ecclesiae
517 1225 812 1297 administrationipue
844 1225 929 1289 obsit,
957 1228 1051 1282 cttero
1071 1227 1125 1283 tuo

105 1310 278 1364 comminuo
306 1309 450 1364 contuendi
476 1308 616 1380 Bopttema'
643 1311 809 1366 retinentur.
852 1309 924 1367 llaec
952 1310 1063 1367 uberius
1092 1327 1125 1369 ex

104 1393 218 1451 decreto
240 1393 287 1450 illo
309 1393 396 1449 Raudii
409 1404 631 1450 commemorare
653 1395 738 1450 visum
762 1404 812 1460 est,
840 1394 913 1466 quod
934 1395 1019 1451 multa
1040 1394 1068 1450 in
1090 1411 1124 1450 eo

107 1477 220 1535 mirifica
242 1489 279 1542 et,
303 1478 325 1533 si
348 1495 440 1535 verum
463 1479 634 1573 quaeamus,
664 1496 759 1552 perum
780 1479 918 1535 Cathohca
940 1480 1124 1542 continentur.

104 1563 173 1620 uon
195 1563 277 1637 quod
290 1562 506 1635 rebaptizandos,
530 1564 552 1618 si
574 1563 633 1619 sine
655 1564 781 1619 scandalo
804 1563 864 1620 lieri
881 1564 977 1636 possit,
999 1563 1126 1619 Haereti-

104 1666 155 1706 cus
178 1665 272 1716 omnes
295 1647 427 1703 affirmare
451 1648 564 1713 videtur,
590 1647 718 1722 qnodque
740 1649 799 1703 sine
814 1647 957 1730 Baptismo
978 1647 1125 1722 plerosque

94 1733 292 1836 'recipiendos
301 1731 335 1789 ob
358 1749 417 1788 eam
439 1748 520 1787 unam
542 1749 664 1788 caussam
687 1732 919 1806 sinistimaeque
939 1732 1066 1806 idipsum
1075 1727 1125 1787 ot-

103 1812 253 1890 κονομιας
274 1811 361 1872 ibero
381 1817 439 1873 fieri
462 1817 571 1889 placuit.
594 1832 688 1890 parum
711 1835 772 1874 cum
788 1817 976 1874 Ecclesiastico
999 1817 1128 1890 dogmate
1142 1842 1167 1875 ,ι-
1192 1843 1195 1849 ’

106 1904 242 1961 convenit.
283 1902 362 1970 Quod
389 1901 498 1975 qudem
513 1901 725 1959 haereticorum
739 1902 910 1976 baptismum
932 1919 965 1960 es
988 1901 1125 1963 Catholico

105 1988 161 2048 utu
184 2005 215 2044 ac
237 1987 404 2061 praescripto
427 1997 585 2060 susceptum
607 1987 749 2060 approbat,
763 2021 766 2027 -
781 2004 832 2045 nec
853 1987 945 2049 iterari
965 1987 1022 2047 ullo
1044 1986 1125 2045 modo

103 2073 217 2146 patitur.
261 2073 339 2140 Quod
361 2072 384 2128 si
405 2071 484 2128 aliter
505 2089 585 2146 quam
607 2081 638 2129 ut
659 2073 686 2129 in
702 2073 822 2131 Ecclesia
841 2083 983 2146 receptum
999 2081 1050 2138 est,
1073 2073 1126 2133 boc

104 2168 151 2214 est
179 2175 211 2213 ex
237 2157 355 2230 legitima
384 2157 514 2222 formula,
544 2157 695 2231 Baptismus
723 2175 780 2215 non
805 2157 897 2217 modo.
910 2157 943 2213 ab
966 2156 1124 2220 haereticis,

105 2244 157 2300 sed
183 2242 226 2298 vel
253 2242 319 2315 ipsis
350 2242 494 2298 Catholicis
523 2242 673 2307 tribuatur,
704 2243 777 2303 nulla
809 2242 882 2315 pacis
911 2241 1126 2312 concordiaeque

104 2328 198 2402 specie
220 2335 313 2400 potest
334 2327 428 2382 adduci
450 2335 481 2381 ut
503 2327 569 2382 citra
591 2343 691 2382 novum
716 2326 880 2400 baptistarum
902 2325 1055 2398 quempiam
1076 2323 1127 2381 adv

104 2414 207 2470 mittat.
245 2413 334 2480 Quare
356 2412 389 2468 de
411 2411 554 2467 Encratitis
576 2427 671 2483 parum
694 2418 876 2467 consentanee
898 2410 981 2469 sentit
1002 2407 1125 2473 Basilius,

106 2507 188 2555 utet
211 2497 358 2571 Cyprianus
380 2495 459 2560 olins,
490 2495 552 2568 qui,
581 2503 612 2551 ut
632 2495 800 2568 Augustinus
822 2495 950 2551 adversus
973 2493 1126 2554 Donatistae

105 2582 217 2656 saepius
238 2581 365 2646 inculcat,
381 2580 549 2655 praesertim
570 2579 639 2636 libro
664 2581 682 2637 2
699 2582 759 2637 et3
782 2580 817 2636 de
837 2578 989 2653 baptismo,
1018 2578 1128 2637 tamesi

106 2668 213 2725 nullum
235 2683 296 2722 esse
317 2667 484 2739 baptismum
504 2665 708 2722 haereticorum
730 2674 875 2730 censeret,
899 2671 991 2721 umen
1012 2665 1060 2738 qui
1080 2679 1128 2725 ue·

106 2752 239 2827 baptisari
268 2751 388 2817 nollent,
404 2750 450 2817 ¹ab
479 2750 615 2806 Ecclesiae
644 2749 835 2806 communione
866 2764 1037 2823 nequaquam
1065 2748 1127 2806 ideo

105 2836 279 2911 repellendos
302 2835 440 2893 censebat.
471 2835 552 2908 Atqui
575 2835 633 2891 sine
648 2851 712 2891 vero
728 2834 864 2908 baptismo
880 2834 1126 2895 Christianusesse

106 2939 189 2980 nemo
211 2929 312 2994 potest.
343 2921 376 2977 Ut
398 2929 489 2977 autem
510 2920 557 2994 qui
581 2919 749 2977 Christianus
771 2936 827 2976 non
849 2920 990 2994 napaeis
1013 2935 1044 2975 ac
1058 2935 1127 2977 con.-

104 3007 216 3064 cordiae
237 3006 322 3079 gratia
345 3006 416 3062 inter
439 3005 606 3062 Christianos
629 3004 777 3069 habeatur,
800 3005 880 3078 eique
902 3003 935 3060 ad
958 3003 1045 3061 divina
1066 3019 1127 3075 my-

104 3092 189 3148 stem'a
211 3091 385 3163 permittatur
405 3091 503 3153 aditus,
527 3089 601 3164 quod
622 3090 649 3146 in
664 3089 808 3147 Euocatitis
827 3089 949 3161 aliisque,
971 3104 1042 3162 quos
1058 3085 1127 3143 aba

103 3176 155 3252 qui
178 3174 384 3248 rebaptizandos
407 3193 468 3231 esse
490 3182 632 3239 statuerat,
655 3174 703 3232 sed
726 3183 757 3231 ut
778 3190 834 3233 nou
849 3173 933 3231 fieret
942 3172 1016 3245 pacis
1029 3187 1128 3229 caussa

100 3261 264 3346 remiserat,
288 3260 478 3334 praestandum
501 3277 561 3317 esse
584 3259 709 3318 eedem
699 3276 730 3314 m
753 3257 860 3315 Conone
883 3257 1013 3314 decernit.
1057 3254 1124 3321 Ηοο,

100 3323 233 3420 inquam,
263 3344 296 3400 ab
330 3343 465 3400 Ecclesiae
492 3361 545 3400 usa
573 3361 616 3400 ae
632 3341 754 3399 moribus
782 3350 810 3397 et
837 3359 853 3397 a
879 3339 990 3401 Nicaeni
1015 3339 1127 3398 Consilii

105 3431 278 3505 almumque
289 3429 416 3485 Veterum
432 3427 617 3485 sanctionibus
633 3427 771 3483 abhorret.
794 3425 947 3493 Quinetiam
961 3423 1126 3499 baptismum

104 3515 223 3573 clreicis
246 3514 373 3571 collatum
393 3513 500 3569 irritum
521 3530 552 3570 ao
573 3511 678 3568 nullum
700 3525 761 3565 esse
783 3509 894 3567 basilius
916 3510 988 3568 idem
1009 3508 1127 3569 orbius·

104 3610 152 3658 tus
174 3600 288 3665 videtur,
315 3615 378 3656 cnm
400 3615 433 3655 es
455 3597 595 3670 Cypriani,
629 3593 775 3652 Eirmiliani
800 3594 969 3670 aliorumque
990 3595 1127 3659 sententia

159 3694 304 3749 Epiphanius.
324 3693 347 3737 v.
944 3693 975 3744 19
