2534 4154
470 357 759 409 anrnioreasiones
1084 343 1126 415 53

110 529 237 586 crepare,
269 513 338 578 sive,
369 521 399 567 ut
427 514 479 568 hoc
511 513 572 568 loco
602 514 723 585 scripsit,
748 531 762 569 a
785 513 885 569 Scribis
916 522 942 569 et
964 514 1126 571 Pharisaeis.

109 597 186 667 Quod
215 597 239 654 si
261 615 432 653 communem
455 614 515 654 cum
539 598 701 654 sadducaeis
725 599 897 672 negationem
920 599 1126 657 resurrectionis

108 683 261 747 habuerint,
285 683 389 755 aliaque
412 682 552 754 dogmata,
576 682 676 757 quibus
699 683 743 739 isti
765 701 780 738 a
802 683 952 739 Pharisaeis
976 692 1003 739 et.
1027 681 1127 739 Scribis

110 778 250 840 tantopere
274 767 466 829 abhorrebant,
491 776 520 822 nt
543 768 574 822 ad
598 767 780 823 Samaritanos
803 770 967 833 accederent
996 767 1128 840 quemad·

107 855 217 909 modurn
246 853 273 907 In
301 852 408 907 illorum
439 852 597 908 declaranda
626 852 736 908 Haeresi
765 862 880 909 testatus
912 862 967 918 est,
1004 852 1126 925 prolecto

108 938 222 993 inultum
246 954 306 992 cum
330 955 344 992 a
366 936 476 1010 reliquis
492 937 651 992 ludaeorum
679 937 850 1002 factionibus,
875 948 931 993 tum
947 955 962 992 a
979 936 1127 995 Pharisaeis
1142 960 1166 1002 ,·;Ι

107 1040 138 1078 ac
161 1022 263 1077 Scribis
279 1021 530 1095 Hemerobaptistae
553 1023 668 1095 separati
693 1031 765 1077 sunt.
798 1023 871 1090 Quae
893 1040 936 1078 me
958 1022 1027 1078 ratio
1051 1038 1128 1079 cona-

109 1115 197 1162 movet
219 1115 250 1161 ut
273 1106 351 1162 aliter
375 1107 516 1179 EpIpbanii
538 1106 619 1162 rerba
641 1108 842 1179 interpretanda
857 1108 981 1172 iudicem,
1005 1109 1127 1180 adeoque

109 1193 244 1248 contrario
268 1209 348 1246 sensu
374 1208 403 1246 ac
426 1191 501 1263 prior
522 1191 567 1247 ille
591 1201 640 1255 est,
666 1209 746 1265 quern
769 1192 795 1246 in
814 1192 906 1247 Latina
929 1193 1052 1248 versione
1076 1209 1128 1264 po·

108 1277 157 1333 sui.
207 1266 254 1332 Οὐ
276 1270 339 1349 μὴν
361 1269 551 1348 ἒξισουμένη,
576 1277 672 1349 inquit,
697 1279 762 1341 τοῖς
783 1271 1018 1342 Σαδδουκαίοις.
1064 1276 1128 1334 Non

108 1370 200 1417 tumen
222 1377 284 1416 carn
299 1360 474 1416 sadducaeis
497 1377 659 1432 conpruenc
684 1361 737 1417 hoc
759 1378 813 1416 uno
837 1362 932 1433 capite,
958 1362 1029 1434 (pund
1052 1378 1128 1417 mor-

108 1456 217 1502 tuorum
240 1446 468 1500 resurrectionem
491 1462 555 1509 non,
580 1457 610 1502 ut
632 1446 684 1501 illis
707 1446 792 1501 visum
816 1455 866 1510 est,
890 1445 1015 1518 abneget,
1039 1462 1128 1520 quan-

108 1549 187 1604 quam
210 1531 313 1604 reliqua
336 1531 363 1585 iu
386 1530 506 1602 perfidia,
531 1539 558 1586 ct
581 1531 708 1587 adversus
734 1531 868 1587 Christum
892 1532 1037 1604 praecipue
1060 1543 1128 1586 con-

108 1616 238 1680 tumacia,
263 1615 481 1671 Sadducaeorum
505 1632 535 1671 ac
559 1626 725 1672 caeterarum
749 1616 874 1671 Iudaismi
896 1614 1052 1672 haereseon
1076 1631 1127 1689 ge-¹

107 1703 176 1756 nrina
201 1701 245 1756 sit.

277 1944 281 1965 ι
310 1921 351 1975 hl]
377 1920 542 1976 lhlEIlNSIN
565 1921 641 1976 XVIII
665 1921 923 1976 NAZAIIAEOIIUN.

192 2039 322 2095 Nazareni
357 2040 464 2112 quicam
494 2041 577 2095 veteri
600 2040 625 2094 In
648 2039 708 2114 lege
732 2040 832 2095 luerint
861 2040 960 2095 nemini
984 2047 1025 2094 est
1048 2040 1129 2112 igno-

74 2171 87 2181 .
107 2134 173 2180 tum.
207 2125 260 2181 Sed
284 2125 301 2179 ii
324 2125 380 2180 Iere
403 2123 436 2179 ad
460 2133 575 2197 tempus,
600 2142 653 2180 non
677 2133 810 2198 perpetuo
835 2124 884 2180 sibi
901 2125 1035 2180 delectum
1051 2123 1135 2179 cibo-.

107 2227 166 2265 rum
189 2208 308 2265 Indicere
324 2219 528 2265 consueverant.
560 2210 675 2264 Tametsi
700 2210 822 2282 perpetui
847 2209 953 2282 qnidam
977 2216 1052 2263 erant
1074 2207 1129 2262 Na-

108 2295 210 2350 zaraei:
236 2294 387 2350 cuiusmodi
410 2293 542 2366 Sampson
566 2295 661 2349 extitit.
709 2294 809 2349 Deinde
832 2311 886 2349 non
910 2310 996 2364 nsque
1020 2309 1052 2347 eo
1075 2292 1129 2356 ini-

108 2380 215 2451 pietatis
244 2387 448 2453 processerant,
479 2388 508 2434 ut
531 2378 748 2434 Pentateucbum
770 2377 850 2433 lllosis
880 2378 1020 2449 eclogem
1043 2393 1129 2449 repu-

109 2464 221 2528 diarent,
245 2465 318 2537 quod
341 2463 493 2518 Nazarenos
516 2463 584 2518 istos
607 2463 743 2519 iactitasse
765 2462 858 2518 scribit
872 2462 1047 2535 Epiphanius.
1077 2460 1128 2530 Qui

108 2565 161 2604 non
184 2548 266 2604 modo
289 2549 360 2604 inter
375 2548 535 2603 Iudaeorum
556 2556 643 2603 sectas
659 2548 811 2603 Nazarenos
826 2555 960 2611 recenset,
984 2546 1128 2603 sedetiam

109 2633 267 2689 Christianis
290 2633 427 2689 adscribit.
458 2633 522 2688 Vide
539 2632 668 2687 haeresia
686 2634 734 2689 29.
781 2631 905 2700 Quamvis
928 2633 980 2688 hoc
1002 2632 1126 2697 interest,¹

110 2718 180 2791 quod
204 2718 326 2799 Iudaicos
349 2718 416 2773 istos
440 2713 651 2795 Νασαραίους,
676 2717 843 2773 Christianos
858 2711 1063 2792 Ναζωραιόυς
1078 2733 1128 2790 ap·

110 2803 199 2874 pellet.
246 2802 315 2858 Sane
339 2802 505 2858 Christianos
527 2802 617 2858 ludaei
641 2815 743 2863 atara:
767 2803 922 2868 nominant,
952 2811 982 2858 ut
1008 2802 1078 2858 Elias
1100 2801 1128 2881 in

110 2886 200 2943 I'hishi
224 2887 317 2951 docet,
342 2904 356 2941 a
378 2887 527 2943 Nazaretho
552 2887 684 2942 Galilaeae
707 2887 823 2960 oppido;
848 2887 971 2943 Christus
994 2887 1052 2959 ipse
1074 2884 1129 2943 Na-

110 2989 222 3027 zarenos
245 2972 394 3045 appellatus
418 2981 468 3037 est,
493 2981 521 3028 et
542 2973 707 3037 Nazaraeos,
732 2980 785 3027 tam
810 2985 900 3037 aarra,
925 2988 1004 3044 cpuam
1028 2981 1127 3036 a'tsstt,

109 3065 138 3112 ut
153 3056 333 3129 Hieronymus
356 3056 454 3112 indicat
476 3056 503 3112 in
527 3074 550 3113 c.
566 3060 582 3114 3
599 3057 660 3113 Mat.
677 3057 804 3113 Nazaraei
825 3066 931 3112 veteres
947 3068 1045 3115 cinric
1060 3071 1128 3126 pror

109 3141 165 3214 prIe
187 3142 283 3205 vocati,
307 3142 382 3213 quasi
404 3143 498 3197 coacti
520 3151 547 3198 et
567 3144 705 3213 separati
747 3141 800 3197 Sed
816 3158 876 3197 curn
891 3140 1057 3213 Epiphanius
1073 3138 1126 3195 duo

109 3225 150 3280 illa
172 3242 275 3299 genera
296 3225 439 3292 discernat,
466 3228 590 3300 suspIcor
612 3228 726 3300 prIores,
751 3235 778 3282 ct
800 3225 922 3281 ludaicos
945 3237 1043 3284 naaria
1065 3221 1127 3279 No·

110 3327 237 3376 aorocos,
261 3311 437 3383 posteriores.
462 3312 506 3383 qui
530 3312 556 3366 in
581 3311 717 3367 Christum
741 3310 919 3374 crediderant,
943 3319 1047 3369 wara:
1065 3307 1127 3365 Na·

109 3411 228 3452 zoroeor
257 3396 398 3452 nomInari.
444 3396 508 3452 Vide
537 3396 647 3452 Nicron.
671 3397 698 3450 in
721 3413 744 3451 c.
760 3398 793 3451 tl
819 3394 921 3450 Esaiae.
966 3392 1126 3451 Philastriaa

108 3478 302 3538 Nazaraeorum
325 3481 450 3537 haeresin
473 3482 544 3537 Inter
565 3482 684 3538 Iudaicas
708 3488 796 3536 sectas
811 3488 950 3535 numerat:
975 3478 1023 3535 sed
1037 3479 1126 3553 Iegem

109 3572 135 3620 ct
160 3565 313 3639 Prophetas
335 3566 460 3639 amplecti
483 3565 585 3631 scribit,
609 3583 698 3640 neque
713 3564 856 3638 quicquam
872 3564 904 3621 iis
919 3565 991 3621 alind
1005 3562 1128 3621 attribuit

109 3665 196 3723 qnam
216 3650 289 3726 qood
314 3649 440 3709 Nazaraei
462 3659 567 3709 vetares
590 3650 734 3709 observare
757 3649 890 3707 solebant.
935 3650 994 3721 Quo
1017 3649 1126 3707 nomine
