2534 4154
440 307 730 358 unruinvnnstouus.
857 308 858 312 ¹
1053 292 1093 355 93

53 466 137 528 tha,
168 465 222 521 hoc
249 473 291 520 est
312 475 425 525 muniar
446 457 653 538 πεντηκοστὴν
678 463 911 536 interpretatur,
916 461 987 518 baud
1010 472 1093 520 recte.

57 547 111 606 lto
136 557 261 622 segetum
284 549 449 614 maturitate,
456 548 545 647 ”quod
568 547 702 612 obiicitur,
726 547 824 603 refellit
841 528 960 604 Isidorus
975 547 1017 602 his
1033 565 1095 603 ver·

53 625 471 736 1111,Ἐνέκείνῳγὰρτῳ
472 634 590 734 καιρῷ
605 623 689 712 μόνῳ
706 624 981 735 καρηβαροῦσα(
952 649 980 687 οι
996 623 1093 688 olord-
1104 639 1135 690 61

40 735 155 791 ysaac,
179 713 230 774 κα1
253 711 439 777 κίκλινται
423 712 482 775 υπὸ
505 719 560 776 τοῦ
583 718 713 813 καρποῦ,
737 712 787 772 καὶ
809 717 865 791 τῆς
884 708 962 794 πρὸς
975 735 1095 791 αμηταν

52 793 175 881 ὥρας,
200 795 289 859 οἷονε1
310 794 367 878 τὴν
390 796 578 898 dpaudrpv
564 794 610 878 αρ’
635 791 765 869 deurode
786 799 957 868 καλοῦντες.
1002 801 1095 870 Quan-

53 905 154 963 quam
178 905 233 944 non
255 888 355 945 desunt
376 889 423 962 qui
445 889 478 944 de
500 887 595 944 hordei
616 903 706 943 messe
728 886 857 942 duntaxat
870 886 937 942 illud
952 887 1093 960 accipiant.

56 972 218 1046 Utcunque
239 973 289 1038 sit,
319 975 357 1050 τῇ
381 967 507 1052 δευτέρᾳ
529 991 590 1029 των
605 963 795 1044 Ἀζύμυν1
765 985 844 1032 ntm
867 972 920 1028 hoc
942 979 984 1027 est
1006 972 1094 1027 ruani-

54 1059 153 1131 pulus
182 1056 290 1114 oblatus
319 1066 369 1113 est.
414 1059 443 1112 ln
473 1074 527 1130 quo
558 1056 733 1129 corrigendus
757 1064 798 1111 est
820 1056 955 1129 lsidorus,
986 1058 1032 1129 qui
1056 1059 1093 1133 τῇ

54 1138 160 1220 τρίτῃ
184 1143 246 1199 τῶν
266 1133 409 1215 Ἀζύμων,
432 1142 485 1198 hoc
508 1150 550 1197 est
572 1142 660 1205 tertia,
684 1140 848 1214 manipulum
872 1140 993 1196 oblatum
1008 1141 1092 1196 luisse

58 1237 175 1284 narrat.
205 1227 319 1300 Scripsit
342 1227 422 1291 enim,
446 1235 492 1281 aut
514 1225 634 1281 scribere
657 1234 730 1281 certe
753 1224 855 1287 debuit,
879 1227 917 1302 τῇ
932 1220 1020 1301 τρίτῃ
1036 1228 1092 1282 τοῦ

56 1306 206 1385 Πάσχα,
228 1312 281 1367 hoc
305 1321 347 1368 est
370 1312 450 1367 tertio
473 1328 486 1366 a
510 1311 641 1366 Paschate
664 1311 721 1373 die,
744 1309 818 1383 quod
845 1312 878 1366 11
903 1309 946 1365 dic
969 1309 1093 1366 celebra-

59 1395 162 1454 batur.
192 1396 248 1451 llac
271 1405 336 1452 sunt
356 1396 517 1470 praecipuae
539 1396 666 1451 Veterum
689 1395 740 1450 ΡΡ.
758 1396 791 1451 de
810 1393 928 1450 Sabbato
950 1389 1092 1468 δευτερο-

60 1471 187 1560 πρώτῳ
208 1481 370 1538 sententiae.
400 1481 438 1535 Ex
461 1480 559 1555 quibus
582 1479 771 1535 verisimillima
794 1488 836 1535 est
853 1478 995 1553 Epiphanii
1016 1479 1092 1551 prior

61 1567 124 1631 illa,
148 1582 230 1639 quam
252 1565 387 1622 hocloco
411 1566 505 1629 tradit,
529 1562 677 1621 sabbatum
700 1564 774 1628 illud,
798 1563 871 1637 quod
893 1572 956 1637 post
977 1564 1091 1637 primaru

61 1654 236 1724 Azymorum
257 1650 365 1715 incidit,
397 1641 644 1724 δευτερόαρωτον
671 1649 732 1705 dici.
778 1649 844 1705 Vera
876 1657 967 1703 autem
996 1647 1091 1722 procul

61 1735 153 1792 dubio
182 1735 228 1791 illa
255 1745 312 1801 est,
342 1751 411 1807 quae
434 1735 460 1789 in
486 1739 502 1791 6
527 1734 559 1789 de
581 1735 693 1790 Emeud.
717 1733 810 1807 Temp.
834 1734 911 1789 etin
933 1734 1002 1806 lsag.
1026 1732 1089 1788 Gan.

63 1821 237 1895 explicatur,
262 1812 511 1894 δευτερόπριυτον
527 1810 696 1890 Σάββατυν
717 1819 831 1891 primum
856 1834 916 1874 esse
931 1817 1089 1879 Sabbatum,

64 1905 146 1979 quod
168 1896 228 1960 111111
249 1906 306 1980 τῆς
327 1899 472 1981 δευτέρας
493 1905 555 1960 τῶν
570 1895 717 1976 Ἀζύμαιν.
747 1904 812 1959 Nam
828 1905 945 1959 secunda
962 1904 1090 1976 11111111-

66 2007 178 2047 morum
200 2006 329 2045 novarum
352 1989 460 2063 frugum
476 1988 642 2061 manipulum
658 1987 817 2045 offerebant.
847 1991 938 2061 dquo
954 1988 996 2043 die
1012 1989 1091 2043 dein-

65 2092 135 2148 ceps
152 2079 167 2132 t
193 2074 375 2130 hebdomadas
398 2082 555 2146 computare
576 2073 643 2129 iussi
659 2082 732 2139 sunt.
763 2075 881 2142 Quarum
897 2072 1013 2129 Sabbata
1030 2064 1090 2127 ἀπὸ
1162 2104 1166 2111 -

66 2160 124 2233 τῆς
146 2152 291 2235 δευτέρας
312 2159 373 2215 τῶν
390 2149 537 2231 Ἀζύμων,
560 2158 640 2214 idest
656 2158 689 2213 ab
706 2159 795 2223 Omer,
812 2158 999 2231 cognominata
1015 2165 1088 2213 sunt.

67 2244 159 2301 Veluti
187 2244 303 2317 primum
332 2243 495 2308 Sabbatum,
524 2243 598 2318 quod
627 2245 748 2316 proxime
778 2235 833 2318 τὴν
860 2236 1007 2315 δευτέραν
1028 2241 1091 2296 τῶν

59 2318 205 2402 ᾌζύμων
219 2328 351 2402 sequitur,
375 2318 760 2403 νσυεῑυ1δευτερόπρατον,
782 2326 931 2383 secundum
947 2320 1090 2400 δευτερο-·
1153 2354 1158 2362 ·

68 2405 228 2490 δεύτερον,
257 2413 368 2470 tertium
396 2403 639 2487 δευτερότριτον,
667 2420 749 2484 atque
771 2412 807 2467 ita
830 2411 966 2482 deinceps.
1011 2409 1090 2477 Quod

69 2498 184 2555 uberius
213 2497 373 2572 explicatum
402 2496 521 2554 babes
514 2513 541 2550 in
565 2497 634 2568 lsag.
657 2496 758 2551 Canon.
782 2514 809 2568 p.
826 2496 896 2552 281.
941 2493 995 2549 llac
1018 2494 1089 2549 enim

69 2583 295 2656 interpretatione
317 2583 413 2639 melior
435 2581 523 2637 afferri
546 2580 618 2636 nulla
641 2587 741 2653 potest.

159 2670 217 2725 159
234 2684 258 2723 a
287 2660 322 2723 τὸ
345 2660 379 2723 δὲ
398 2658 498 2722 διὰ
463 2684 519 2733 τας
531 2656 765 2731 υαοπαιτούσας
778 2663 834 2737 τῆς
848 2681 928 2719 κατα
915 2654 1083 2738 σελήνην]

68 2753 231 2809 ludaeorum
253 2752 321 2808 festa
344 2751 460 2808 Sabbata
482 2760 510 2807 et
531 2751 603 2806 ab''
587 2768 619 2806 us
642 2758 669 2806 et
691 2749 724 2806 ab
739 2748 859 2806 Ethnicis
880 2749 1012 2823 appellata
1035 2767 1086 2804 ne·
1170 2789 1178 2796 -

71 2837 135 2893 mini
157 2835 268 2892 dubium
292 2845 342 2893 est.
373 2836 449 2892 lle‘'
433 2855 465 2892 ns
486 2835 642 2910 luculentus
665 2843 707 2891 est
729 2835 801 2908 apud
816 2833 899 2890 Clem.
914 2834 989 2890 Alex.
1007 2833 1085 2890 locus

69 2921 171 2978 Strom
190 2923 218 2986 6,
242 2939 274 2978 ex
296 2921 370 2976 Petri
392 2921 523 2978 concione
546 2906 669 2992 quadum,
698 2913 793 2994 Μηδὲ
816 2910 894 2975 κατὰ
916 2913 988 2985 τούς
1006 2910 1085 2972 'lo-o

71 3001 178 3073 δαίαυς
203 2999 345 3105 aedesius.
385 2999 516 3081 κα1γ11ρ
539 3001 644 3060 ἐκεῖνοι
665 2997 753 3078 μόνοι
776 2995 907 3076 οἰόμενοι
929 2995 983 3059 τὸν
1006 2995 1086 3058 Θεὸν

69 3082 224 3166 γινώσκειν
246 3084 303 3146 οὐκ
324 3085 510 3159 ἐπίστανται,
533 3081 738 3187 λατρευσντες
749 3080 903 3186 Ἀγγέλοις
925 3083 974 3142 καὶ
995 3079 1087 3186 Ἀρχ-

71 3170 249 3274 αγγέλοις,1
237 3171 321 3275 pepi,
342 3170 393 3231 καὶ
416 3165 542 3252 σελήνῃ·
565 3193 615 3228 και
631 3194 685 3231 eur
698 3193 741 3248 μη
730 3163 870 3269 σεληνη
882 3171 1024 3247 φανῇ,
998 3163 1087 3241 Σάβ-

69 3259 168 3331 βατσν
195 3252 251 3316 οὐκ
262 3276 385 3358 αγουσι
414 3253 448 3315 τὸ
477 3250 558 3332 λεγυ
558 3277 638 3314 ανον
665 3261 802 3356 πρῶτον·
833 3247 903 3312 odra
926 3251 1088 3328 νευμηνιάν

71 3335 212 3422 ἄγουσιν,
240 3331 1086 3419 οὕτεἌζυμα,11111ἑορτὴν,ου’τεμεγαληνῆμέραν.

71 3429 181 3499 Quaerit
204 3428 613 3493 111111011111111111.11,1
644 3427 708 3502 quid
730 3409 765 3483 sit
787 3425 935 3482 Sabbatum
958 3424 1086 3498 primum,

70 3514 155 3588 idque
173 3513 321 3572 obscurum
343 3514 426 3570 videri
449 3512 499 3569 sibi
522 3513 631 3569 latetur.
670 3513 700 3567 ln
722 3529 776 3585 quo
800 3508 928 3582 Scaligeri
951 3509 1089 3583 iuterpre-

71 3600 199 3657 tationem
220 3599 302 3656 tacite
325 3597 436 3663 refellit,
461 3597 507 3673 qui
529 3597 598 3672 lsag.
622 3597 723 3653 Canon.
741 3598 758 3656 3
781 3614 809 3670 p.
825 3595 886 3654 223
910 3593 1022 3652 sublatis
1044 3597 1089 3652 bis
