2534 4154
470 273 760 361 turuluveosaoues
1062 289 1120 370 191

106 451 171 518 lem,
195 451 351 526 ingentibus
364 451 568 510 Commentariis
591 471 660 526 opus
683 462 764 510 esset.
794 454 833 511 lle
855 455 922 511 nihil
944 474 1006 514 vero
1030 458 1125 526 dicam,
1176 459 1181 467 ’

106 538 253 612 praecipua
281 537 411 610 quaedam
441 556 473 593 ex
500 539 533 593 iis
560 537 644 595 libare
672 539 786 612 placuit,
817 557 885 613 qnae
913 540 940 595 11
961 543 1126 601 adversariis

106 624 221 687 nostris,
244 622 357 695 proinde
381 632 411 678 ut
432 623 574 680 authorem
598 625 776 696 quemquem
792 641 886 681 manus
903 643 1037 700 ceperam,
1060 645 1127 702 prc-

107 708 213 765 miscue
235 707 361 763 adnotata
382 707 481 781 reperi.

236 918 286 985 Dc
307 912 467 985 veteribus
489 921 677 1005 quibusdam
698 922 861 988 Ecclesiae
881 924 1003 991 ritibus.

199 1047 318 1103 11131
349 1038 400 1100 καὶ
420 1047 543 1120 πρῶτον
562 1040 619 1120 μὲν
640 1042 759 1124 κρηπίς]
791 1047 909 1105 Primum
926 1049 1127 1127 Ecclesiaeve-

66 1173 68 1175 -
107 1131 174 1189 teris
198 1130 366 1195 institutum,
390 1133 463 1203 quod
485 1131 620 1205 hodieque
643 1132 670 1186 in
691 1133 809 1188 Romana
834 1133 982 1200 retinetur,
1012 1131 1040 1190 in
1062 1154 1126 1209 gra÷

71 1276 78 1296 ο
106 1216 192 1273 duum
208 1215 387 1288 ordinumque
403 1216 555 1273 discrimine
570 1217 688 1290 positum
704 1225 755 1272 est.
786 1217 852 1272 Nam
867 1218 993 1292 princeps
1006 1223 1126 1278 omnium

103 1318 139 1359 ⁴ac
167 1299 415 1374 praestantissimus
444 1311 486 1359 est
509 1302 646 1374 Virginum
676 1302 759 1368 ordo,
789 1302 835 1376 qui
862 1303 889 1358 in
918 1311 1035 1377 utroque
1060 1323 1126 1362 sexu

109 1385 247 1449 cernitur,
278 1402 395 1458 quocum
419 1386 596 1444 hlonastioum
619 1388 686 1442 vitae
708 1404 796 1460 genus
819 1387 1001 1461 coniungitur.
1032 1389 1128 1445 Proxi-

106 1489 168 1527 mus
192 1470 255 1526 huic
278 1469 464 1528 Continentiae
486 1471 585 1545 gradus
610 1480 660 1529 est
691 1471 757 1542 lum
784 1471 910 1539 Viduitas,
934 1489 965 1528 ac
986 1481 1127 1579 postremo

106 1557 168 1612 loco
194 1554 363 1628 Coniugium

193 1639 406 1712 lleVirginihus,
429 1640 589 1712 praesertim
611 1640 745 1704 loeminis,
768 1649 890 1697 notares
907 1652 958 1706 est,
981 1658 1061 1716 quam
1077 1659 1127 1699 11-

106 1725 200 1800 tiquos
223 1725 249 1779 11
272 1724 400 1788 Ecclesia,
424 1741 558 1798 quamque
581 1725 708 1798 copiosus
731 1725 774 1781 ille
798 1725 865 1781 ordo
887 1725 977 1792 luerit.
1008 1727 1126 1783 lustinus

104 1809 222 1883 Apolog.
241 1811 274 1867 2·
304 1804 354 1864 καὶ
383 1807 440 1863 πολ
442 1806 492 1912 λρί
517 1827 605 1948 τινεςί
607 1805 672 1950 ὁκαὶ
700 1805 810 1865 πολλαὶ
841 1800 1053 1888 ἕξηκοντοῦται
1076 1807 1128 1867 καὶΙ

107 1885 196 1967 eddo
198 1911 403 1967 curcumveni,
433 1887 467 1948 οἱ
489 1887 521 1948 ἐκ
549 1891 605 1949 πα1
607 1889 669 1950 doru
696 1884 960 1976 ἕμαθητεύθησαν
980 1914 1022 1975 τῳ
1044 1893 1127 1974 Χρι-

106 1981 181 2058 στῷ,
203 1970 342 2056 ἅρθοροι
366 1972 551 2052 trapi-‚vocor
580 1979 647 2035 Hinc
662 1979 778 2038 Faustus
800 1980 845 2036 ille
860 1953 1031 2039 llanichaeus
1054 1983 1125 2057 apud

104 2064 287 2158 Augustinum
316 2064 334 2119 l.
353 2067 390 2122 30
420 2081 481 2120 cum
505 2064 657 2121 Catholiccs
679 2066 908 2138 reprehenderet,
938 2066 1010 2140 quod
1032 2068 1127 2124 matri·
1133 2077 1177 2127 319
1201 2106 1203 2109 .

102 2149 228 2211 monium
256 2149 409 2214 damnaret,
438 2149 554 2205 vicissim
578 2149 712 2206 infinitum
735 2151 806 2224 apud
828 2150 889 2207 illos
912 2151 1049 2224 virginum
1073 2168 1127 2207 nu·
1225 2149 1228 2154 ’

106 2250 213 2291 merum
242 2233 411 2306 opponebat:
444 2234 479 2290 Ut
497 2252 570 2306 pene
591 2236 649 2291 c'om
670 2236 777 2300 maior,
806 2235 910 2307 inquit,
940 2236 971 2290 iu
991 2233 1127 2295 decrestis
1209 2302 1213 2323 ‚

107 2319 237 2375 omnihus
258 2320 399 2389 uirginum
421 2320 498 2390 opud
519 2337 568 2374 cos
592 2335 675 2392 quoru
695 2321 845 2396 mulierum
862 2319 1049 2391 uunreroritus
1074 2320 1127 2393 ho-
1185 2334 1188 2349 ¹

107 2406 216 2461 ocatur.
263 2403 310 2459 Cui
332 2403 428 2476 plane,
460 2411 490 2458 ut
512 2421 562 2459 uos
585 2403 733 2460 haereticis
756 2403 894 2459 hodiernis
917 2402 1051 2469 solemus,
1081 2422 1128 2460 re-

107 2487 225 2562 spondet
253 2488 437 2561 Augustinus,
467 2487 503 2543 ita
526 2487 709 2560 Virginitatem
737 2489 765 2544 in
786 2487 905 2544 Ecclesia
935 2488 1126 2553 commendari,

103 2573 147 2630 uti
170 2573 279 2646 nuptiae
301 2589 471 2646 nequaquam
495 2572 692 2645 improbentur.
722 2573 877 2628 Ammianus
892 2572 1061 2630 llarcellinus
1077 2592 1128 2631 au-

107 2658 173 2715 thor
195 2658 320 2713 ethnicus
342 2657 369 2713 11
392 2657 465 2713 11111
485 2656 581 2716 tium
605 2657 637 2713 de
654 2657 772 2730 Sapore:
795 2657 928 2714 quentae
944 2666 1036 2714 tumeo
1052 2661 1127 2716 ulica

105 2743 230 2814 virginee
255 2741 415 2798 Christiano
438 2744 496 2797 ratu
520 2743 607 2798 cultui
629 2743 725 2798 dioiuo
750 2736 896 2808 sacratus,
926 2745 1062 2801 custodiri
1083 2746 1128 2801 111-
1170 2758 1181 2792 t

108 2835 201 2883 tactus
224 2824 250 2882 ct
267 2824 718 2898 11119111111111111111111111,
741 2829 819 2884 uullo
835 2835 954 2894 uetante,
974 2831 1126 2902 praecipit.

106 2912 184 2971 Pleni
208 2921 272 2968 sunt
294 2911 459 2978 Tertulliani,
485 2912 624 2986 Cypriani,
648 2912 768 2969 omnium
791 2913 906 2986 denique
929 2915 1128 2970 vetustissimo-

105 3014 168 3055 rum
191 2997 301 3053 Patrum
323 2996 400 3062 lihri,
431 3006 461 3054 ut
482 2998 681 3070 Augustinum,
711 2997 919 3072 Hieronymum,
945 2997 1126 3063 Ambrosium,

107 3081 230 3155 aliosque
260 3090 442 3154 praeteream,
473 3099 609 3138 sacrarum
639 3083 776 3139 mentione
798 3082 952 3154 virginum,
983 3099 1049 3154 quas
1072 3083 1128 3139 lieo

110 3175 300 3231 consecratas,
329 3176 357 3226 et
384 3175 447 3225 voto
477 3167 555 3224 etiam
578 3167 739 3231 obstrictas,
768 3167 816 3223 uei
838 3175 919 3240 atque
941 3165 1076 3223 Ecclesiae
1099 3185 1128 3243 sc
1181 3240 1183 3243 Ι

104 3250 250 3343 ohsequiis
279 3250 411 3307 addixisse
440 3253 584 3308 testantur.
624 3253 654 3309 ln
682 3254 823 3325 Ancyrano
855 3249 975 3307 Concilio
998 3251 1126 3311 611119.

107 3323 176 3392 ὅσοι
205 3332 378 3434 παρθενίαν
406 3329 654 3430 ἐπαγγελλόμενοι
683 3329 828 3392 ἀθετοῦσι
856 3328 912 3410 τὴν
940 3329 1127 3412 ἐπαγγελίαν,

106 3411 163 3477 τὸν
184 3421 247 3476 τῶν
269 3410 350 3494 drydg
352 3436 407 3474 αον
428 3410 500 3518 ὅρον
522 3414 784 3518 ἓκπληρούτωσαν.
824 3419 1043 3482 chalcedonense
1065 3437 1128 3478 vero

110 3504 240 3563 611.16;
263 3495 553 3582 παρθένονέαυτην
575 3499 746 3561 ἀναθεῖσαν
761 3522 803 3583 τῳ
790 3498 952 3604 δεσπότῃ
967 3497 1128 3585 »21111111-

107 3583 210 3658 adcor
232 3583 265 3646 ds*
287 3608 337 3644 και
330 3583 530 3663 μονάζοντα
552 3585 635 3663 accip
622 3608 666 3665 pp
656 3559 851 3657 ἓξεῖναι’
812 3607 892 3672 γαρ
864 3607 902 3645 ιω
916 3561 1127 3678 προσομιλεῖν·

922 3687 975 3739 19*
