2534 4154
451 341 742 394 iurniovensmuss.
1046 320 1108 394 111

93 496 187 554 llusob.
207 499 293 563 2,.tt
326 498 400 566 Quod
425 515 484 554 cum
507 498 627 554 audisset
642 498 749 564 Petrus
774 500 846 572 quod
869 499 968 556 lactum
987 509 1046 557 erat
1059 512 1110 576 ap

92 583 222 656 probavit.
268 584 368 639 Romae
397 600 479 656 porro
510 585 651 657 scripsisse
679 585 822 641 uerisimile
851 594 907 652 est,
936 585 969 642 de
998 603 1090 693 quo
1081 587 1109 644 iit

90 671 157 724 lun
181 669 260 746 plora
281 669 378 724 baron.
401 671 432 723 h.
450 671 539 726 4511.
558 670 607 726 19.

174 770 265 820 ουτος
287 742 374 809 δὲ
342 771 384 820 εις
403 749 455 809 a'rv
446 748 574 829 hravan]
606 754 736 811 Dissentit
758 755 852 850 Papias
876 755 1111 829 oportuebat

91 839 227 896 Christum
251 856 264 893 a
286 838 375 894 Marco
398 849 479 911 negot
501 839 630 895 arulitum.
661 839 801 895 llierou.
795 858 821 895 rn
844 840 931 896 Praei.
913 841 987 898 lad
1009 840 1108 916 Etang.
1162 843 1177 868 ·‘

89 924 170 980 llarci
193 923 308 979 eundem
331 924 367 978 ait
389 925 534 979 Leviticum
559 942 659 998 genere
682 934 709 981 ct
731 924 898 981 sacerdotem
922 926 1014 983 luisse.
1055 927 1110 983 Sed

89 1009 156 1065 falso
180 1009 225 1065 bic
246 1008 317 1064 liber
330 1009 440 1064 llicron.
458 1009 596 1065 tribuitur.
628 1009 704 1078 Quod
728 1019 818 1066 autem
834 1020 960 1067 asserunt
974 1011 1108 1078 nonnulb,

88 1094 207 1149 llarcum
231 1110 286 1149 non
307 1095 405 1149 vidisse
429 1093 586 1160 Dominum,
616 1095 711 1150 viderit
733 1112 818 1150 necne
842 1097 907 1151 nihil
931 1097 1044 1161 alfirmo,
1068 1097 1110 1152 vi-

90 1179 152 1235 llere
182 1179 290 1250 quidem
318 1180 441 1252 potuisse
470 1183 622 1252 temporum
644 1181 701 1253 ipsa
724 1180 792 1235 ratio
815 1181 969 1253 persuadet.
1016 1183 1110 1255 Neque

89 1281 152 1320 vero
182 1263 331 1319 damnanda
360 1274 402 1321 cst
429 1264 570 1337 Epiphanii
599 1264 747 1329 sententia,
782 1264 844 1319 dum
872 1264 947 1320 illum
977 1284 992 1322 c
1020 1264 1110 1322 lxxii

90 1348 284 1421 discipulorum
307 1366 421 1405 numero
444 1350 526 1404 luisse
549 1357 654 1415 narrat,
686 1350 737 1405 etsi
760 1350 925 1406 eontrarium
948 1351 991 1406 alii
1013 1350 1110 1407 Patres

91 1435 217 1506 sentiant.
1095 1458 1098 1463 ·

177 1520 278 1575 4291.
311 1510 352 1584 ὡς
373 1506 446 1573 εἶναι
469 1511 523 1574 τὸν
539 1513 640 1576 πάντα
651 1513 774 1598 χρόνον]
800 1517 1029 1593 Tempusipsum3
1054 1536 1109 1592 quo

89 1603 205 1660 loannes
228 1613 377 1676 conceptus
401 1621 432 1659 ac
454 1613 534 1659 natus
557 1613 598 1660 est
622 1616 648 1660 ot
671 1607 842 1669 incarnatus,
867 1614 947 1677 atque
971 1604 997 1659 in
1019 1603 1110 1661 lucerii

90 1689 179 1744 editus
203 1687 326 1744 Christus
348 1689 434 1744 Lucas
457 1689 661 1762 complectitur,
685 1690 758 1764 quod
780 1699 887 1763 tempus
910 1689 1042 1744 mensium
1067 1679 1110 1745 est

87 1773 144 1830 lere
174 1775 221 1830 15.
898 1796 901 1803 ·

176 1858 280 1915 4191.
315 1852 575 1932 mitoaastprtnag]
601 1858 638 1915 lle
661 1861 713 1916 boc
735 1859 802 1915 nihil
824 1859 955 1916 hacteuus
977 1858 1040 1932 legi.
1119 1859 1152 1912 89

177 1946 234 2000 431
255 1961 278 1997 a.
310 1935 398 1998 ἔνθεν
419 1938 476 1999 τίνι
499 1936 534 1999 οὗ
558 1944 708 2022 φανεῖται]
740 1944 855 2000 Tametsi
878 1945 944 2001 nihil
968 1961 1000 2000 en
1022 1945 1110 2000 Evan-

82 2029 162 2103 gelio
192 2029 224 2083 de
253 2027 391 2100 blagorum
421 2029 550 2084 adventus
587 2040 709 2102 tempore
736 2025 952 2104 liquido'possit
986 2029 1109 2102 euprimia⁴

79 2113 260 2186 probabilior
287 2121 377 2168 tamen
407 2122 449 2169 cst
481 2117 631 2170 communis
666 2132 696 2170 ac
724 2125 833 2188 recepta
862 2114 995 2171 sententia
1030 2131 1110 2187 quam

78 2199 133 2256 illa
165 2214 199 2254 cx
226 2197 367 2270 llpipbanii
398 2213 429 2254 aa
456 2199 565 2254 Eusehii
595 2200 735 2255 chronicis
766 2200 878 2264 hausta,
908 2198 1017 2255 biennio
1048 2206 1112 2271 post

81 2284 230 2341 Christum
254 2283 280 2337 in
302 2283 390 2338 lucem
414 2283 514 2338 editum
538 2284 629 2357 Magos
652 2285 801 2339 advenisse.
834 2284 911 2352 Quod
927 2301 959 2339 ex
974 2282 1025 2338 illis
1041 2283 1111 2337 Mat-

77 2369 164 2425 thaei
186 2367 275 2423 verbis
298 2367 387 2441 colligi
410 2368 550 2441 putabant,
574 2369 671 2441 quibus
694 2368 828 2423 Herodem
850 2376 942 2423 narrat
964 2385 983 2422 a
1006 2368 1112 2423 binauht

78 2462 112 2510 et
137 2452 219 2524 infra
238 2468 344 2525 pueros
367 2455 516 2516 acridium
539 2455 690 2508 secundum
713 2460 818 2525 tempus
841 2454 914 2524 priori
937 2442 1111 2524 requisierat

79 2556 105 2595 a
129 2537 235 2610 blopis.
267 2537 320 2593 Sed
343 2537 415 2594 huno
438 2539 538 2593 nodum
561 2538 717 2633 iampridem
729 2537 922 2592 dissolverunt
945 2537 1043 2594 cruditi
1065 2552 1112 2593 sa·

80 2638 198 2681 crarum
219 2622 359 2678 literarum
381 2624 556 2723 lpterpretes.
965 2646 967 2651 ¹
1104 2638 1108 2653 ·

178 2710 236 2765 431
255 2706 283 2762 b.
314 2703 363 2761 καὶ
387 2700 520 2782 ἀνάςκην
534 2699 622 2781 ἴσχον
636 2724 662 2761 οι
655 2699 865 2781 ‘draouopnurp
868 2699 950 2779 ra‘vor]
975 2706 1112 2777 Quantut‘n

82 2791 207 2849 verba
200 2809 257 2865 ipsa
286 2809 352 2865 prae
380 2810 409 2848 se
432 2742 537 2856 seruiit,
561 2787 678 2847 iridiearo
702 2792 821 2858 ridetur,
852 2792 966 2848 ludaeos
989 2793 1112 2866 quolibet

82 2887 226 2935 terrarum
250 2877 387 2951 dispersos
409 2877 436 2932 in
459 2876 636 2933 Palaestinam
659 2885 767 2933 coactos
790 2881 861 2934 assei
893 2878 948 2934 Sed
971 2877 1112 2934 commode

84 2963 160 3019 hacc
183 2961 336 3034 accipienda
360 2972 432 3026 sunt,
456 2971 486 3018 ut
508 2963 542 3018 tle
563 2963 595 3017 iis
612 2962 749 3035 loquatur,
773 2963 818 3036 qui
834 2963 860 3018 in
877 2963 1027 3018 Palaestina
1043 2963 1110 3034 ipsa,

69 3046 133 3104 -vol
149 3047 226 3119 Syria
250 3047 389 3120 degerent
419 3047 512 3122 Neque
536 3048 606 3103 enim
622 3056 695 3120 puto
718 3049 762 3121 qui
787 3049 815 3103 in·
829 3047 911 3112 ltalia,
934 3047 976 3102 vel
991 3045 1112 3110 Graecia,

88 3140 141 3189 aut
155 3132 279 3206 Aegypto
303 3131 383 3187 etiam
405 3132 568 3199 habitarent,
592 3133 653 3188 alibi
677 3150 756 3207 quam
780 3132 825 3198 ibi,
848 3132 896 3188 ubi
919 3139 1004 3194 crant,
1027 3130 1112 3186 luisse

90 3232 237 3359 censos.31
962 3217 975 3251 ⁸
1094 3227 1142 3251 <¹¹

225 3293 394 3377 lclpgdp
395 3318 466 3356 cavoa
490 3293 577 3371 dl,
555 3319 597 3370 ως
618 3296 721 3374 ornatu]
740 3300 854 3357 Nollem
871 3298 990 3355 erudito
1006 3252 1111 3354 Maido-

89 3393 156 3442 nato
178 3304 218 3443 id3
228 3317 272 3441 inc
277 3392 393 3442 mentem
417 3387 535 3442 venisset
552 3387 700 3460 Epiphanio
724 3386 844 3441 tribuere
867 3384 938 3457 quod
962 3390 990 3438 et
1012 3382 1112 3444 ahsnrf·

91 3471 232 3528 dissimum
255 3478 306 3534 cst,
329 3487 379 3526 nec
403 3472 435 3526 ab
459 3488 491 3526 co
514 3470 555 3528 vel
577 3472 710 3527 levissime
733 3471 889 3544 cogitatum.
920 3466 1020 3525 Scribit
1039 3467 1110 3525 enini

91 3556 183 3612 mirari
206 3572 246 3621 se,-
269 3555 341 3629 quod
363 3555 529 3630 Epiphanius
553 3556 687 3612 existimet
709 3555 854 3629 losepbum
878 3562 905 3611 ct
927 3552 1035 3609 Mariam
1052 3553 1112 3610 sin·-

93 3642 162 3714 golis
185 3641 262 3697 annis
285 3656 318 3697 eo
340 3641 383 3697 di'e
406 3656 437 3697 ex
459 3643 581 3716 Aegypto
604 3642 631 3698 in
653 3640 792 3697 Bethleem
812 3640 905 3696 venire
927 3639 1110 3706 consuevisse,
