2534 4154
473 110 766 165 aninmremronns
1071 100 1133 163 167

106 268 264 333 mitinornm
285 275 315 325 at
334 265 536 341 scaenopegiae,
558 266 711 341 pmximum
732 284 748 325 a
768 267 862 343 priore
881 276 911 327 et
931 260 1075 347 δεύτερον
1094 271 1131 326 sit

105 354 288 413 {tumeas
308 350 433 418 solenne,
454 352 518 409 ideo
532 344 779 432 deurepo'npotror
791 352 930 429 appellari.
959 352 1033 413 iliae
1045 355 1131 429 igitur

105 438 195 496 altera
222 446 265 495 est
285 436 428 511 Epiphanii
456 438 607 503 sententia,
637 454 668 495 ac
690 438 857 495 5555111155
879 438 1085 513 interpretatio,
1114 456 1130 496 a

102 524 252 599 superiore
272 522 355 596 longe
376 522 482 579 diversa
494 531 531 588 et,
547 523 570 579 si
585 540 677 579 verum
693 524 771 580 lateri
786 524 920 591 volumus,
943 526 1033 581 minus
1049 542 1129 599 quam
1237 556 1239 563 ,

102 608 154 679 iila
176 607 334 682 probabilis.

195 695 257 752 453
273 710 298 749 5.
326 683 454 765 τοιαύτη
482 684 554 767 ἁγία
575 693 631 748 τοῦ
650 683 887 769 προσαββάτου]
931 693 1130 751 Prosabbatum

106 778 178 835 nihil
206 778 279 835 aliud
306 786 348 834 est
375 792 455 850 qnam
477 777 656 855 Parasceue,
672 794 727 850 quo
749 777 783 834 ad
805 778 878 834 hunc
898 777 990 835 locum
1011 780 1131 853 pertinet

106 863 186 920 nihil.
229 863 289 919 Non
320 862 392 919 enim
412 863 575 935 Azymornm
599 866 615 919 7
642 862 670 917 in
692 859 861 919 Parasceuen
883 865 1038 921 necessario
1061 881 1131 923 con-

106 947 191 1013 uenit,
215 965 296 1023 quam
318 946 433 1003 subinde
454 947 483 1002 in
509 949 520 1004 1
539 955 587 1002 ant
603 949 620 1004 2
637 949 718 1004 aut3
741 947 833 1003 leriam
855 948 952 1005 cadere
974 965 1057 1023 posse
1079 951 1129 1006 de·

104 1031 204 1091 clarat
244 1034 298 1088 Aut
318 1032 403 1105 igitur
424 1032 601 1105 expungenda
622 1033 673 1087 ista
694 1048 745 1087 von
767 1041 818 1097 est,
841 1040 889 1089 aut
909 1025 1182 1110 προσάββατον5ι3

106 1134 161 1191 pro
184 1119 202 1175 6
225 1116 409 1174 hebdomadae
432 1115 527 1172 diebus
549 1117 703 1189 usurpavit,
737 1132 804 1190 quas
826 1114 900 1183 bita,
923 1119 976 1174 hoc
999 1128 1041 1175 est
1062 1136 1130 1193 pro·

106 1202 195 1268 tmas,
219 1203 369 1266 nominant,
392 1218 517 1276 quaeque
540 1200 687 1258 Sabbatum
710 1201 882 1257 antecedunt.

197 1289 259 1345 453
275 1288 301 1343 d.
332 1277 385 1341 διὰ
405 1280 440 1343 τὸ
462 1280 506 1360 μὴ
528 1281 570 1353 εἷς
591 1280 717 1360 πλάτος]
763 1285 873 1343 Scribe:
897 1281 950 1343 did
972 1279 1006 1343 de*
1028 1280 1063 1344 τὸ
1084 1281 1129 1362 μὴ

105 1366 154 1439 εἰς
174 1365 289 1438 πλάτος
310 1365 413 1449 φέρειν
432 1364 486 1427 τὸν
506 1363 605 1453 λόχον,
627 1365 675 1427 ἐπὶ
695 1364 753 1445 τὴν
773 1362 971 1427 ἀκολουθίαν.

196 1459 259 1514 455
274 1473 299 1512 5.
328 1445 394 1512 εἶτά
414 1472 493 1521 τινες
514 1451 546 1524 ἐξ
567 1447 669 1511 αὐτῶν
682 1449 787 1530 πάλιν]
812 1455 980 1513 Obiiciebant
994 1455 1130 1513 Haeretici

106 1540 268 1599 mendacem
296 1542 381 1597 luisse
401 1541 545 1606 loannem,
575 1541 620 1614 qni
642 1541 676 1596 ad
698 1558 756 1598 eam
780 1540 926 1598 Ecclesiam
949 1540 1020 1598 edita
1041 1540 1093 1598 sibi
1115 1558 1131 1596 a

108 1625 226 1684 ilomino
254 1626 378 1683 mandata
401 1625 547 1691 scriberet,
579 1642 648 1699 quae
670 1626 743 1683 nulla
766 1635 823 1682 tum
847 1636 929 1683 esset.
974 1627 1132 1701 Respondet

107 1710 294 1785 Epiphanius,
322 1711 375 1767 hoc
396 1711 457 1784 ipso
479 1719 605 1767 constare
626 1710 821 1785 Propheticum
842 1706 916 1769 hunc
938 1728 999 1771 esse
1019 1711 1130 1778 librum,

107 1813 174 1853 curn
201 1796 235 1851 ad
256 1795 404 1852 Ecclesiam
425 1795 580 1869 scripserit,
609 1812 690 1869 quarn
712 1796 776 1852 olim
798 1796 918 1853 loturam
940 1805 1130 1872 cognosceret,

108 1881 219 1939 tametsi
241 1880 341 1954 quibus
363 1880 500 1937 scribebat
521 1880 691 1954 temporibus
713 1881 835 1938 nondum
857 1892 961 1939 exteret
983 1882 1047 1938 ulla.
1077 1880 1132 1938 Sed

109 1966 179 2040 haec
193 1965 336 2039 Epiphanii
357 1966 500 2039 responsio
522 1966 574 2021 nisi
596 1959 807 2032 ἀντιλεκτικῶς
828 1976 855 2022 51
876 1967 910 2022 ad
931 1967 1078 2032 hominem,
1101 1974 1133 2023 ut

110 2050 192 2124 vulgo
214 2050 374 2125 loquuntur,
396 2050 573 2123 accipiamus,
597 2050 670 2106 hand
692 2051 758 2107 satis
780 2050 927 2123 probabilis
949 2051 1064 2106 videtur.
1094 2052 1132 2106 Ac

110 2135 193 2209 longe
215 2135 312 2192 melius
335 2143 386 2202 est,
409 2152 509 2208 negare
531 2136 639 2192 loannis
660 2143 785 2208 ternpore
807 2135 907 2191 nullam
930 2134 1064 2209 Thyatiris
1078 2134 1132 2190 Ec-

108 2220 222 2277 clesiam
245 2221 374 2285 extitisse,
398 2220 470 2294 quod
493 2219 666 2292 impudenter
687 2218 822 2274 Haeretici
844 2220 950 2276 mentiti
972 2226 1045 2275 sunt.

198 2307 259 2364 455
276 2323 300 2362 c.
330 2307 385 2361 νῦν
412 2298 446 2360 δὲ
474 2295 525 2360 ded
552 2295 605 2360 τὸν
632 2294 736 2380 κύριον
764 2297 794 2358 ἓν
821 2305 865 2381 τῷ
888 2296 992 2383 χρόνῳ
1018 2294 1131 2384 τούτῳ]

110 2388 186 2448 linae
206 2390 269 2447 illae
292 2407 360 2464 quae
382 2396 536 2463 sequemur
549 2396 632 2445 notae
645 2397 800 2461 temporum
814 2389 857 2446 vel
870 2387 1043 2445 librariorum
1057 2389 1132 2455 vitio,

110 2475 155 2533 551
181 2475 305 2532 authoris
333 2476 418 2549 ipsius
440 2473 650 2530 hallucinatione
672 2473 832 2546 depravatae
852 2482 927 2531 sunt.
971 2474 1081 2531 Eiemn.
1104 2475 1133 2530 in

109 2559 213 2634 Script
235 2559 339 2617 Ecclcs.
362 2561 490 2616 loannem
511 2558 610 2615 asserit
631 2557 811 2633 Apocalypsin
832 2559 974 2633 scripsisse
990 2558 1133 2617 Domitiani

115 2648 163 2711 14,
188 2645 521 2718 551151111511555139,
546 2643 645 2700 Christi
668 2646 725 2709 94,
750 2642 837 2701 Nonio
859 2647 1009 2719 Asprenate
1032 2654 1059 2703 et
1081 2647 1134 2701 Ar-

110 2729 198 2787 ricino
228 2730 304 2787 Coss.
349 2730 438 2799 Quare
465 2729 506 2785 vel
534 2729 588 2785 hoc
615 2729 675 2803 ipso
703 2745 790 2794 anno,
820 2728 861 2786 vel
889 2731 1015 2804 sequenti
1037 2730 1133 2786 saltem

111 2814 228 2871 loannes
249 2814 429 2888 Apocalypsin
452 2813 569 2887 scripsit
599 2814 621 2869 A
643 2831 698 2888 quo
720 2822 844 2887 tempore
866 2815 899 2871 ad
920 2830 1021 2872 annum
1034 2812 1135 2870 Christi

111 2901 187 2965 375,
210 2916 265 2973 quo
280 2899 445 2973 Epiphanius
467 2901 521 2955 hoc
543 2915 612 2972 opus
635 2897 799 2964 elaborabat,
823 2900 886 2955 anni
907 2901 1054 2964 sunt281,
1077 2914 1133 2954 non

117 2986 176 3042 112
199 2993 230 3041 ut
252 2984 355 3041 bahent
375 2985 517 3059 Epiphanii
538 2982 630 3041 verba.
660 2983 762 3040 Deinde
784 2983 881 3040 salsum
904 2992 960 3047 est,
984 3000 1038 3056 quo
1061 2990 1135 3039 tem-

110 3086 181 3143 pore
202 3070 304 3143 scripta
332 3078 374 3126 est
395 3069 584 3144 Apocalypsis,
615 3068 749 3142 Thyatin's
772 3067 954 3142 Cataphrygas
976 3068 1134 3124 ilaereticos

111 3154 206 3219 luisse,
229 3155 277 3227 qui
298 3154 418 3210 nondum
442 3162 617 3211 emerserant.
637 3192 640 3199 ·
662 3153 728 3208 Nam
750 3160 851 3208 utens
874 3168 954 3225 quam
976 3152 1136 3227 antiquissi-

112 3256 174 3297 mos
195 3240 333 3305 indamus,
357 3256 412 3295 non
434 3248 498 3295 ante
520 3247 628 3311 tempus
643 3235 772 3292 Antonini
793 3253 855 3293 esse
873 3245 1033 3310 potuerunt,
1056 3238 1135 3295 cuius

110 3341 186 3381 anno
213 3327 249 3383 19
272 3325 415 3381 Montanus
437 3323 553 3397 prodiit,
576 3320 803 3380 511155555148
826 3321 936 3395 scripsit
957 3322 1134 3396 Epiphanius,

54 3402 61 3433 '
111 3409 163 3483 qui
182 3426 271 3467 annus
292 3409 419 3483 congruit
441 3407 540 3465 Christi
559 3408 626 3464 156.
656 3405 738 3479 Atqui
759 3422 811 3463 555
831 3405 932 3465 ibidem
953 3407 1135 3483 Epiphaniam
