2534 4154
167 319 232 385 178
548 354 551 359 -
626 332 741 383 eastun

169 506 280 557 omnen
308 505 427 565 quorum
448 488 602 545 testimonia
624 505 639 543 a
662 486 807 544 Catholicis
829 485 1014 582 Seriptpribus
1035 483 1197 541 iamdudum

168 575 292 633 studiose
314 574 428 631 oolleota
450 583 523 629 sunt.
555 573 609 630 Sed
626 571 738 629 eximius
753 582 835 645 atque
849 570 981 645 imprimis
997 569 1130 627 disertus
1140 574 1197 637 est,

129 710 147 717 ..
166 660 218 734 qui
244 659 310 715 mihi
339 659 409 715 sorte
431 674 504 714 nune
526 658 646 715 oeeurrit
669 656 815 714 Clementis
836 656 965 712 Alexand
988 655 1065 712 loeus
1089 654 1195 712 Strom.

164 744 234 802 tn.
262 737 456 818 Μελχισεδὲκ
476 737 624 815 βασιλεὺς
643 736 772 815 Σαλήμ,
800 733 938 841 ὃῖερεύς
958 741 1015 796 τοῦ
1035 737 1116 796 θεοῦ
1136 738 1198 796 rori

167 821 320 903 ὑψίστου·
342 848 360 887 o
381 845 435 885 τον
456 818 538 883 οἶνον
559 846 610 883 και
632 821 687 883 τὸν
707 818 1071 904 ἄρτοντὴνὴγιασμένην
1086 817 1201 892 διδοῦς
1233 820 1240 845 ²

166 906 289 1013 spopdpr
310 909 352 982 εἰς
371 905 469 970 τύπον
488 905 707 1014 Εὖχαριστιίις.
736 912 801 968 Vide
823 913 938 984 August.
962 909 1048 984 Epist.
1064 911 1117 967 95.
1180 926 1185 949 -·
1235 912 1240 919 '

165 1038 169 1043 -
255 990 329 1055 ὅδὲ
350 1015 406 1055 του
392 990 568 1074 Ἀβραὰμ
588 991 703 1076 πατήρ]
735 995 814 1065 Quod
827 995 990 1052 Abramum
1007 1011 1079 1050 anuo
1091 993 1197 1051 aetatis
1235 1060 1240 1071 Ι

57 1107 60 1112 <
165 1099 235 1141 suae
260 1087 298 1143 to
321 1084 449 1157 genuerit
470 1083 558 1138 Thana
580 1082 682 1138 diserte
699 1082 840 1155 Scriptura
861 1081 951 1146 docet,
974 1097 1005 1136 ae
1027 1079 1204 1154 tergivornup
1230 1084 1240 1093 “

31 1176 36 1197 “
167 1168 272 1226 tionem
298 1185 406 1225 omnem
429 1167 555 1224 excludit.
598 1166 654 1223 Nee
676 1167 754 1223 aliter
775 1165 951 1223 vetustissimi
973 1165 1075 1240 quique
1098 1164 1199 1221 Petrus

169 1269 232 1311 eum
253 1252 344 1311 locum
367 1253 538 1326 interpretati
560 1261 632 1316 sunt,
655 1259 687 1308 ut
708 1251 749 1308 vel
765 1251 918 1308 contrariae
933 1249 1068 1324 opinionis
1084 1246 1199 1322 patroni
1212 1300 1227 1305 ..

166 1337 248 1395 tutari
270 1347 421 1413 eoguntur,
447 1338 496 1413 qni
518 1345 613 1393 eontra
634 1335 715 1393 Mosis
738 1336 948 1400 authoritatem,
977 1351 1033 1391 non
1058 1336 1115 1400 to,
1145 1330 1201 1391 sed¹

172 1424 241 1482 130.
272 1423 360 1479 Thare
383 1440 454 1479 anno
478 1431 571 1479 natum
591 1421 777 1479 Patriarcham
799 1422 925 1478 videntur
946 1435 1079 1477 asserere.
1111 1417 1201 1476 vido·

167 1507 223 1567 rint
245 1507 300 1573 itti.
315 1525 397 1581 quam
419 1516 495 1564 reete
517 1517 559 1564 tot
574 1508 756 1574 saeculorum,
779 1507 903 1580 adeoque
918 1506 971 1562 ΡΡ.
987 1504 1109 1560 omnium
1125 1520 1199 1560 eon-

104 1617 116 1640 ·
167 1609 280 1667 sensum
302 1594 455 1668 repudiant.
484 1592 540 1649 Nos
563 1608 631 1665 quae
653 1592 687 1648 ab
710 1592 762 1648 iilis
784 1600 964 1666 opponuntur
977 1589 1045 1647 tanti
1061 1588 1200 1646 essenon

165 1678 313 1743 crannus,
337 1687 369 1735 ut
390 1685 537 1751 propterea
558 1677 651 1733 lucere
674 1677 785 1734 moridie
808 1677 961 1749 negandum
984 1675 1028 1731 sit.

254 1763 308 1818 lam
335 1779 400 1818 vero
429 1763 479 1817 hae
508 1762 534 1817 in
563 1763 770 1834 generationum
797 1760 981 1834 descriptione
1002 1775 1058 1814 uon
1079 1758 1116 1815 ab
1138 1758 1200 1817 tta·

116 1845 267 1903 ttthraiois
288 1845 369 1902 modo
386 1845 522 1910 fontibus,
545 1847 593 1901 sed
616 1847 696 1903 etiam
717 1847 813 1903 aLXX
829 1845 973 1903 Saniorum
988 1843 1120 1908 numeris,
1143 1861 1202 1900 eu·

169 1930 286 1987 tumori
307 1930 389 1987 hodie
411 1938 511 1995 erunt,
526 1930 636 1986 aberrat
651 1931 826 2004 Epiphanius.
857 1929 931 1986 flabo
947 1929 992 1986 hio
1007 1927 1201 1987 Hebraeorum

169 2031 201 2071 ao
216 2015 394 2072 Graecorum
404 2015 512 2080 seriem,
535 2024 567 2072 ut
589 2028 658 2088 quae
680 2015 849 2072 observanda
870 2025 935 2072 sunt
956 2013 1060 2071 facilius
1075 2013 1201 2131 quisque

168 2099 310 2233 pereipiat

176 2692 318 2766 Arphaxad

176 2776 247 2834 Sala.

170 2861 248 2920 iiber

171 2947 276 3021 ,Phaieg
303 3006 306 3011 ,
382 2987 384 2992 ·

176 3035 234 3093 Rau

175 3120 282 3181 Senuoh
397 3168 400 3172 .
