2534 4154
474 304 765 358 nnuttutnnstones.
1060 293 1125 354 265

104 459 300 535 cognoscitur:
328 475 390 515 cum
419 469 563 532 praesente
586 461 744 517 Constantio
765 458 873 534 longius
896 456 929 516 ad
950 469 1059 518 noctem
1081 478 1131 518 us-

103 556 164 621 gue
187 544 289 618 prolata
314 554 387 601 esset
408 545 442 600 de
465 545 517 600 lide
540 546 686 619 disputatio
709 554 736 601 et
758 547 791 601 ad
813 555 915 602 certam
929 547 1050 620 regulam
1065 563 1132 621 per-

103 631 201 704 ducta,
225 630 343 684 blarcnm
365 629 542 686 Arethusium
561 630 595 686 ab
617 639 734 705 utraque
755 634 831 704 parte
857 649 917 688 esse
939 632 1089 697 delectum,
1116 649 1131 687 a

109 733 165 790 quo
189 715 343 770 sirmiensis
365 715 409 770 illa
432 714 544 770 lormula
569 716 674 779 dictata,
700 716 742 770 cui
759 717 833 772 Coss.
856 717 966 790 praefixi
989 726 1062 772 sunt.
1092 717 1131 772 llx

111 800 214 875 quibus
236 808 356 872 apparet,
381 800 561 864 Germinium,
585 817 645 855 cnm
669 801 800 856 hactenus
823 797 1023 857 Anomocoruin
1046 802 1131 874 perli-

109 886 169 942 diae
191 901 252 940 cum
276 884 384 940 Valente
408 894 435 940 et
457 885 562 940 Ursatio
585 885 694 949 luisset,
730 885 891 958 quibuscum
915 887 993 942 etiam
1017 887 1130 942 hosium

107 971 142 1028 ad
166 961 383 1042 ‹ipaoovoloo-et
403 962 580 1042 ὁμοιουσίου
601 970 734 1025 tollendas
757 987 772 1025 c
793 972 881 1026 medio
896 970 976 1028 voces
991 973 1127 1045 adegerat,
1136 981 1181 1032 324

71 1101 73 1105 ,
108 1065 141 1112 ut
165 1059 193 1119 4,
212 1057 244 1110 11
277 1053 371 1109 scribit
392 1055 575 1117 sozomenus,
605 1054 638 1109 ab
667 1055 717 1109 illis
747 1055 886 1127 paululum
916 1057 1076 1112 dissensisse
1103 1065 1130 1113 et

109 1145 258 1212 suppressa
281 1140 336 1214 τῆς
358 1133 464 1206 οὐσίας
484 1141 630 1205 mentione,
655 1139 712 1194 l'ilii
735 1158 785 1213 per
807 1141 895 1195 omnia
919 1157 980 1196 cum
996 1142 1075 1198 Patre
1092 1142 1131 1198 si-

108 1224 289 1280 militudinem
312 1225 462 1296 agnovisse.

129 1346 132 1350 -
197 1311 257 1367 870
274 1326 298 1365 a.
328 1305 359 1363 Γ
357 1308 506 1385 appeared,
531 1301 732 1383 Ὑπατιανοῦ]
776 1309 826 1365 Alii
849 1305 1032 1386 Γερμανίου.
1077 1312 1129 1368 Sed

107 1391 139 1452 Γ
137 1389 272 1473 ερμινίου
294 1394 349 1467 leg.
992 1445 995 1452 ,

197 1481 257 1537 810
273 1478 300 1534 b.
332 1472 539 1553 διηνέχθησαν
561 1463 616 1534 οὖν
637 1470 666 1532 οἲ
689 1471 795 1552 αὐτοί]
838 1478 951 1536 Basilius
972 1483 1130 1552 Ancyrnnus

108 1563 366 1640 post³Sirmiensem
382 1564 531 1637 synodum,
555 1564 581 1618 in
604 1581 657 1638 qua
680 1572 817 1619 strenuam
840 1566 968 1620 adversus
983 1565 1130 1620 Photinnnr

108 1666 222 1724 operam
245 1659 394 1713 novaverat,
418 1650 490 1722 apud
504 1650 696 1721 Imperatorem
720 1649 804 1721 gratia
826 1649 971 1722 plurimum
988 1659 1015 1706 et
1030 1651 1132 1705 autho-

108 1737 189 1791 ritate
211 1734 302 1789 ealuit.
318 1734 397 1788 -Nam
420 1734 453 1789 ab
476 1737 616 1806 Ancyrano
641 1732 759 1790 Concilio
782 1734 814 1789 ad
837 1734 911 1790 illum
935 1736 1065 1808 allegatus
1087 1735 1132 1789 ni-

103 1819 150 1876 chil
172 1837 227 1875 nun
247 1819 377 1884 obtinuit,
401 1819 468 1873 adeo
491 1828 522 1874 ut
543 1818 702 1882 Eudonium,
727 1819 839 1891 eiusque
862 1820 1053 1894 suffragatores
1076 1821 1132 1875 lm-

108 1904 245 1979 perntoris
274 1904 362 1962 edicto
384 1903 555 1977 percelleret.
600 1903 660 1958 Mon
681 1904 708 1958 in
731 1904 893 1960 Ariminensi
916 1913 943 1961 ct
965 1905 1132 1962 seleuciensi

108 1989 220 2064 Synodo
243 1990 438 2062 congregandis
461 1989 619 2062 praecipuas
642 1998 734 2061 partes
757 1989 820 2062 egit.
851 1991 950 2046 Verum
972 1991 1132 2064 paulopost

106 2075 199 2131 Acacii
220 2074 336 2130 faotione
359 2074 479 2129 deiectus
502 2092 557 2129 non
579 2074 660 2130 modo
682 2074 855 2147 Imperatoris
878 2077 972 2148 gratia,
996 2076 1044 2131 sed
1066 2075 1132 2149 llpi-

109 2168 225 2232 scopatu
248 2159 360 2232 insuper
382 2159 487 2215 excidit.
519 2159 681 2232 Flagrahant
702 2176 752 2232 per
774 2159 817 2214 illa
833 2169 955 2232 tempora
970 2177 1025 2215 non
1042 2160 1131 2214 solum

107 2244 316 2326 interIArianos
346 2253 373 2298 et
396 2244 563 2308 Catholicae,
594 2244 641 2299 sed
671 2244 742 2300 inter
769 2244 843 2316 ipsos
870 2245 983 2300 Arianos
1011 2243 1129 2298 dissidia.

109 2330 232 2399 Quorum
256 2331 324 2384 dunc
345 2329 516 2402 potissimum
539 2328 669 2384 factiones
693 2336 778 2384 erant.
810 2328 921 2396 Quidam
945 2330 1015 2384 enim
1032 2327 1130 2383 exiliis

108 2415 178 2471 meri
207 2414 340 2487 dogmatis
368 2414 487 2468 lautores
511 2413 592 2477 nihil,
625 2412 697 2484 quod
719 2413 750 2467 nd
775 2404 881 2468 οὐσίαν
903 2421 930 2468 et
952 2412 1130 2468 substantiam

107 2499 245 2574 pertinet,
265 2488 418 2554 commune
449 2513 509 2553 esse
532 2497 599 2552 Filio
628 2514 688 2551 cum
712 2497 790 2552 Putre
817 2497 984 2562 sentiebant,
1015 2498 1130 2570 ideoque

108 2594 165 2642 tam
200 2574 376 2657 ‹iptotodotov
412 2600 492 2654 qnam
533 2573 698 2656 ὁμοούσιον
731 2582 926 2654 repudiabant,
963 2600 1014 2638 nec
1035 2583 1129 2638 ullam

109 2668 221 2726 omnino
243 2669 298 2742 τῆς
320 2661 426 2733 οὐσίας
451 2667 616 2722 mentionem
640 2665 832 2732 admittebant,
861 2685 912 2740 pro
936 2685 968 2724 eo
991 2686 1022 2724 ac
1045 2669 1132 2741 pluri·
1238 2736 1240 2741 Ι

108 2753 162 2811 bus
184 2756 213 2808 in
234 2754 341 2809 illorum
359 2751 546 2808 Conciliabulis
570 2753 708 2808 decretum
722 2753 817 2817 luerat,
842 2754 953 2811 manime
969 2755 996 2809 in
1013 2756 1131 2810 secunda
1220 2779 1223 2783 ’

105 2839 251 2895 Sirmiensi
273 2838 402 2902 formula,
432 2855 512 2910 quam
535 2838 590 2893 Osii
614 2847 640 2892 et
662 2837 776 2893 Potamii
799 2837 992 2912 blasphemiam
1015 2839 1130 2894 Hilarius

109 2924 236 2997 appellat.
282 2923 383 2979 Horum
413 2924 547 2996 principes
578 2931 655 2978 erant
682 2923 834 2989 Eudoxius,
864 2926 910 2998 qui
935 2925 1130 2980 Antiochenam

109 3010 203 3065 sedern
219 3018 365 3080 occuparat
379 3009 448 3065 tetii
464 3019 603 3081 patronus,
629 3008 760 3081 Georgius
776 3008 979 3073 Alexandrinus,
1002 3007 1128 3071 buculus,

110 3093 156 3167 qui
179 3094 338 3149 Antiochiae
367 3103 431 3166 post
454 3095 660 3150 enauthoratum
682 3093 818 3148 bleletium
841 3093 970 3148 sullectus
993 3099 1049 3155 est,
1079 3108 1130 3159 nec

109 3195 165 3234 non
188 3181 301 3234 Aeacius
325 3179 654 3243 Caesariensis-Uranius
678 3179 739 3251 l'yri
761 3178 920 3250 Episcopus,
944 3177 971 3232 in
984 3176 1129 3232 Occidente

104 3278 173 3320 ¹uero
197 3264 322 3319 Ursacius
352 3272 378 3317 et
401 3264 512 3328 Valens,
546 3264 713 3327 Germinius,
743 3261 840 3334 aliique
862 3262 1005 3316 innumeri.
1051 3261 1130 3330 Quod

108 3348 182 3405 euim
205 3349 343 3404 Aelianum
366 3349 504 3420 perfidiam
527 3367 588 3405 cum
610 3347 730 3404 Eudoxio
753 3347 865 3401 Aeacius
888 3347 1042 3418 caeterique
1064 3362 1131 3419 pro-

108 3435 289 3507 pugnaverint
312 3441 440 3488 'testatur
469 3434 636 3489 Sozomenus
665 3434 759 3495 4,11.
803 3431 853 3486 Alii
882 3448 943 3486 cero
973 3448 1005 3486 ex
1035 3431 1130 3487 eodem

108 3520 271 3575 Arianorum
302 3535 385 3592 grege
407 3535 421 3571 a
444 3517 630 3590 magistriani
653 3515 789 3589 impietate
811 3515 950 3588 ptaululum
974 3516 1130 3572 desciscen-

109 3615 153 3662 tes
182 3595 288 3670 οὐσίας
315 3602 475 3659 vocabulum
506 3611 534 3658 et
556 3603 614 3659 Filii
642 3602 669 3657 in
698 3600 837 3667 omnihus,
868 3601 990 3677 adeoque
1013 3602 1039 3657 in
1061 3602 1131 3659 sub-
