2534 4154
467 304 757 358 snruaouansroues.
1064 291 1125 354 tun

189 465 253 521 ton
268 462 296 518 b.
327 445 412 520 οὗτοι
435 457 470 521 δὲ
491 455 527 520 οὔ
548 455 712 536 βούλονται
740 452 911 539 διδαγμοΐς]
953 461 1015 519 Cor.
1039 455 1128 538 tryu-

101 566 183 626 μοις.
213 548 267 605 Sed
290 548 422 621 religione
447 549 562 623 padam
584 548 687 604 indurati
710 563 881 605 communem
904 563 934 603 ac
956 547 1129 621 depravatam

107 635 251 692 lectionem
273 634 544 706 repraesentavimus,
569 632 641 706 quod
664 634 716 688 iarn
738 633 847 688 minime
868 631 1026 706 probamus.
1058 633 1130 689 Cae-

106 729 195 777 terum
217 719 378 775 Novatiauos
409 736 470 773 cnm
499 718 611 792 digamis
641 719 841 774 communicare
869 717 989 774 noluisse
1018 726 1130 791 praeter

105 806 235 862 autlrores
257 802 334 868 illos,
358 803 460 879 quide
483 803 646 860 llaeresibus
668 802 848 875 scripserunt,
871 803 951 859 docet
974 803 1053 859 etiarn
1076 803 1129 859 Ca-

105 906 160 947 non
185 891 202 949 8
226 888 357 944 llicaenre
381 886 490 962 synodi,
514 889 560 965 qui
584 888 618 944 de
640 888 845 944 reconciliandis
862 886 1014 944 Novatianis
1038 888 1129 944 editus

106 985 157 1033 est.
187 973 261 1030 ldern
284 984 312 1030 et
334 973 460 1029 Socrates
484 981 600 1031 testatur
624 974 651 1037 5,
669 974 718 1030 22.

106 1047 108 1053 ’
190 1050 206 1116 ὁ
229 1051 264 1114 dd
284 1049 327 1133 μὴ
351 1053 497 1132 δυνηθεὶς
516 1060 555 1136 τῇ
576 1058 632 1138 μιᾷ
650 1050 853 1134 ἀρκεσθῆναι]
885 1057 1050 1130 Depravatus
1068 1060 1129 1114 sine

105 1142 189 1201 dnbio
211 1144 263 1200 iste
285 1142 362 1199 locus
384 1153 435 1199 est.
467 1143 532 1198 Nam
555 1160 625 1217 qnae
646 1142 769 1216 proxime
791 1136 959 1215 sequuntur,
990 1143 1130 1213 evidenter

105 1230 293 1286 demonstrant
313 1228 340 1283 id
355 1228 535 1301 Epiphaniam
557 1228 634 1293 velle,
657 1226 740 1284 licere
762 1243 815 1283 nou
839 1228 921 1283 modo
942 1237 1006 1300 post
1029 1227 1129 1283 coniu-

106 1315 146 1388 gis
168 1323 294 1376 mortem,
318 1313 366 1368 sed
389 1330 421 1369 eo
444 1330 554 1386 quoque
577 1313 734 1388 superstite,
758 1313 781 1369 si
796 1328 892 1368 earrssa
907 1312 1025 1384 legitima
1042 1328 1129 1384 quae-

104 1400 176 1472 piam
204 1398 405 1463 intercesserit,
436 1398 534 1454 alteras
558 1399 626 1455 inire
648 1398 766 1471 nuptias.
810 1397 876 1452 Nam
899 1398 921 1453 si
945 1397 977 1452 de
1001 1397 1128 1452 secundis

106 1484 235 1540 lentam
256 1492 320 1556 post
342 1491 463 1538 mortem·
481 1492 589 1556 ageret,
619 1498 750 1557 quorsum
773 1483 841 1538 baec
862 1483 1005 1546 adiiceret,
1033 1474 1131 1537 ἕνεκέν

104 1584 186 1636 τινος
207 1562 393 1644 προφάσεως
413 1564 556 1644 πορνείας
577 1577 630 1625 ete.
653 1570 687 1624 ob
711 1569 837 1640 ulium
859 1569 959 1640 stupri,
983 1566 1126 1643 adulterii,

105 1655 149 1710 nel
176 1655 296 1709 ollamus
322 1653 424 1724 popilii
451 1656 604 1709 massora?
647 1652 716 1709 luna
741 1653 769 1708 id
791 1653 889 1709 clarius
911 1651 1041 1716 subinde,
1065 1666 1127 1707 eum

106 1739 178 1803 dicit,
203 1729 269 1794 ull?
292 1729 353 1794 dud
374 1739 449 1811 μιᾶς
470 1731 823 1818 duoupelalffidmlpp,
847 1733 873 1794 εἰ
893 1731 1020 1812 τύχοιεν,
1043 1725 1136 1816 νόμῳ,

106 1820 312 1900 comperpetus.
348 1823 488 1891 Quocirca
511 1840 566 1879 non
588 1823 684 1879 darbito
716 1824 781 1896 quin
803 1823 840 1878 ita
863 1820 1053 1896 corrigendum
1076 1822 1126 1878 site

104 1901 320 1986 πλευτησάσῃ,
342 1901 361 1982 ἢ
385 1901 480 1964 ἕνεκέν
494 1926 576 1975 τινος
589 1918 642 1965 ete.
672 1917 704 1964 ut
724 1907 778 1964 dno
795 1908 849 1964 sint
865 1908 995 1986 digamiae
1011 1917 1180 1982 generatum

105 1995 221 2069 primurn
250 2008 335 2049 uxore
364 2001 486 2057 mortua,
519 1995 668 2050 secuudum
697 2002 760 2067 post
783 1992 941 2058 divortium,
970 1993 1054 2050 altera
1076 1992 1128 2048 sibi

106 2078 240 2152 copulata.
268 2069 310 2134 lta
332 2077 440 2150 quidem
455 2078 631 2152 Epiphanius.
662 2079 715 2135 Sed
735 2088 768 2134 ut
790 2079 841 2135 itus
863 2078 1033 2153 temporibus
1056 2096 1129 2134 non-

106 2163 168 2219 duin
200 2178 230 2219 ea
259 2179 303 2219 res
331 2162 365 2218 ab
388 2163 506 2219 Ecclesia
529 2163 638 2220 delinita
660 2180 774 2238 prorsus
797 2164 894 2229 luerit,
924 2163 1004 2219 bodie
1025 2171 1126 2226 tamen,

105 2248 322 2322 praesertimque
343 2255 407 2321 post
427 2247 531 2304 edituro
554 2266 568 2304 a
590 2259 763 2305 sacrosancta
779 2246 934 2304 Tridentino
951 2247 1059 2321 Synodo
1076 2246 1129 2302 Ca-

104 2348 221 2398 nonetn,
250 2332 329 2389 aliter
356 2333 458 2399 sentire
484 2334 561 2388 nelas
598 2350 678 2409 quam
707 2333 854 2406 superstite
882 2332 967 2406 priori
1001 2332 1126 2403 coniuge,

105 2418 186 2474 etiam
212 2426 279 2490 post
305 2417 455 2490 legitimum
484 2418 644 2482 divortium,
673 2418 765 2474 alteris
788 2417 908 2490 copulari
931 2416 1031 2490 nuptiis
1054 2432 1129 2470 nun-

104 2518 186 2577 quam
207 2503 300 2558 licere.
346 2503 421 2571 Quae
444 2511 471 2558 et
491 2502 651 2576 Augustini,
682 2501 852 2576 Hieronymi,
883 2500 1053 2574 aliorumque
1075 2499 1127 2555 PP.

104 2588 241 2647 sententia
263 2587 322 2642 bru.
352 2591 374 2643 Α
397 2604 449 2660 qun
472 2588 581 2642 tametsi
602 2587 795 2643 nonnullorum
818 2584 870 2642 PP.
894 2585 1075 2643 authoritates
1097 2587 1129 2642 ac

104 2673 213 2729 decreta
240 2671 390 2728 abliorrere
420 2672 576 2737 videantur,
614 2689 683 2746 quae
710 2672 781 2747 apud
810 2672 966 2728 Gratianum
995 2672 1075 2729 Parte
1099 2673 1128 2738 2,
1153 2708 1155 2713 ·

105 2756 206 2814 llanssn
224 2759 279 2824 at;
304 2757 440 2826 Quaestl
466 2765 722 2823 commemorantur,
745 2767 774 2814 et
790 2758 932 2814 Caietauus
948 2773 1010 2814 cum
1025 2757 1130 2831 aliquot

103 2841 303 2899 recentioribus
332 2840 478 2916 Theologis
512 2842 674 2898 contrariam
709 2845 736 2898 in
770 2844 932 2900 sententiam
962 2843 1128 2905 discesserit,

103 2926 186 3002 longe
207 2928 302 3000 potior
321 2937 365 2983 est
387 2928 523 2984 Ecclesiae
546 2928 629 2984 totius
652 2944 702 2984 ror
725 2937 752 2985 et
775 2928 935 2993 consensio,
960 2945 1029 3001 quae
1053 2927 1127 2984 Seisss

105 3012 155 3078 24,
182 3012 272 3069 Cant
296 3029 311 3067 a
334 3012 491 3069 Tridentino
514 3028 645 3069 consessu
667 3016 840 3087 proponitur.
880 3014 965 3069 Porro
989 3013 1061 3067 inter
1080 3026 1129 3065 ve·

103 3104 194 3154 terum
223 3098 393 3163 testimonia,
424 3097 523 3172 quibus
551 3099 788 3172 postlegitimum
809 3099 876 3155 illud
898 3097 1040 3153 divortium
1062 3110 1129 3168 per-

103 3183 186 3241 aissa
210 3182 402 3239 innocentibus
426 3182 589 3257 coniugibus
610 3185 780 3240 matrimonia
796 3184 929 3247 uidentur,
953 3180 1048 3236 referri
1063 3176 1130 3252 pot*-

104 3272 147 3325 ast
162 3267 323 3324 Arelatense
341 3269 460 3340 primum
476 3268 626 3324 Concilium
643 3269 707 3324 Cau.
721 3272 766 3332 tu,
791 3268 838 3341 qui
858 3267 914 3322 bic*
926 3264 1016 3322 obiter
1034 3280 1130 3319 emen-

104 3351 210 3409 dnndus
238 3360 290 3408 est.
335 3351 377 3408 De
404 3353 465 3416 bia,
488 3354 591 3426 inquit,
622 3354 676 3425 pul.
692 3353 824 3426 eouiupes
846 3366 914 3406 suos
935 3351 966 3406 io
988 3346 1130 3406 adulterio

104 3434 325 3510 numanum,
350 3446 376 3494 et
397 3439 482 3493 iidem
503 3446 568 3493 suat
591 3426 781 3493 molesaeulea
802 3437 906 3511 fideles,
930 3444 956 3491 et
974 3434 1130 3508 probiben-

104 3530 151 3577 ttu·
172 3523 286 3586 nubem,
306 3523 418 3596 placuit
439 3529 470 3578 ut
491 3524 522 3578 io
544 3529 678 3594 pontum
692 3527 794 3594 potest,
819 3520 966 3577 consilium
981 3521 1023 3593 eit
1037 3518 1129 3584 detur,

104 3622 139 3663 se
161 3608 319 3663 mumulus
342 3609 479 3664 uerutus
501 3609 577 3672 esdr,
609 3608 674 3663 licet
695 3607 847 3672 adulteria,
877 3607 953 3662 olins
975 3602 1129 3680 campioni.
