2534 4154
144 306 181 368 ta
519 330 527 341 ⁴
595 315 706 364 reraru

139 473 195 546 λιν,
218 468 268 529 καὶ
290 464 347 546 τὴν
362 461 485 526 Χαλάκ.
513 471 565 526 Pro
578 462 731 542 Ῥοωβὼθ
751 461 849 540 πόλιν,
872 470 1003 526 Hebraico
1025 470 1157 544 scripturn

138 569 180 618 θη
202 570 257 619 qast
280 571 360 618 :atta
383 555 456 628 quod
471 555 650 629 Hieronymus
665 555 759 619 vertit,
779 556 894 628 pluteos
909 557 1040 621 ciuitatis,
1064 564 1092 612 et
1105 572 1158 629 pro

50 674 57 683 ι
137 643 296 718 appellativo
319 640 423 704 habuit,
447 640 520 714 quod
536 640 630 695 Graeci
645 640 786 714 proprium
804 640 931 696 leceraut.
963 640 1091 713 lntelligit
1106 656 1158 696 au-

137 734 192 785 tem
214 727 292 783 urhis
306 726 412 781 Ninives
434 725 546 797 plateas,
570 742 636 798 quas
658 725 743 780 Ninus
766 725 923 781 extruxerit.
953 724 991 781 lle
1006 724 1157 798 Epiphanio

138 813 203 887 quid
230 813 316 867 dicam
344 810 416 866 aliud
438 810 556 865 occurrit
578 809 660 874 nihil,
689 809 741 865 uisi
762 826 842 866 voces
864 810 945 874 istas,
971 803 1102 886 Θειρὰς,
1129 818 1158 866 et

140 889 243 971 Θόβελ
259 897 376 953 alienum
390 894 417 949 iu
432 894 522 950 locum
538 893 682 952 translatas
700 911 769 950 esse.
800 895 865 950 Nam
881 895 985 959 Thiras,
1010 903 1037 950 et
1051 892 1157 950 'lhuhal

137 983 209 1039 inter
224 981 346 1055 iaphethi
364 989 489 1054 posteros
504 986 683 1034 numerantur
697 981 794 1036 com.2
814 979 932 1044 Thohal,
949 986 975 1034 et
989 978 1114 1044 Mosoeh,
1130 987 1159 1035 et

84 1071 88 1078 '
123 1079 125 1084 '
140 1067 251 1123 Zhiras.
274 1065 408 1122 Fortassis
424 1063 568 1120 enimcum
584 1064 695 1138 Regma,
709 1063 868 1128 Sabatacha,
879 1064 1057 1136 eaeterisque,
1070 1081 1158 1138 quos-

136 1151 197 1208 dam
219 1151 286 1208 alios
309 1149 447 1206 recensuit
467 1149 649 1222 Epiphanius,
673 1157 700 1205 et
721 1149 793 1204 iuter
814 1148 874 1205 illos
897 1147 1015 1213 Thuhal,
1040 1157 1068 1204 et
1089 1149 1158 1204 'lhi-

136 1253 190 1293 ras.
221 1236 276 1291 Nisi
297 1236 364 1291 haec
386 1234 542 1291 coniectura
563 1234 682 1306 placeat,
705 1250 755 1306 pro
781 1225 907 1309 Θειρὰς,
932 1241 959 1289 et
984 1223 1101 1305 Θόβελ,
1124 1250 1157 1290 ac

135 1312 250 1394 Λόβος
270 1320 380 1394 propria
402 1318 510 1375 urbium
532 1318 639 1374 illarum
662 1319 769 1374 nomina
785 1317 974 1374 substituenda
990 1325 1063 1382 sunt,
1087 1332 1157 1391 quas

135 1408 221 1462 Assur
243 1404 398 1461 aedificavit.
437 1404 516 1460 Certe
539 1403 565 1457 iu
587 1395 701 1475 Λόβος
722 1403 863 1477 vestigium
886 1403 1021 1476 quoddam
1042 1412 1157 1476 apparet

135 1490 258 1548 vocabuli
270 1481 431 1562 Ῥοωβὼθ,
456 1496 483 1543 et
504 1488 531 1542 in
547 1487 641 1543 Thines
657 1489 730 1543 vocis
745 1500 810 1552 aar,
834 1504 903 1561 quae
919 1488 1053 1543 civitatem
1068 1487 1158 1560 sigui-

135 1575 207 1633 ficat.
238 1575 313 1631 Unde
335 1576 372 1630 ita
394 1572 531 1646 depravari
554 1589 603 1627 vox
626 1572 676 1628 ista
698 1572 788 1645 potuit
805 1565 1020 1647 Ῥοωβωθίρα.

223 1659 283 1717 ld.
313 1649 349 1714 οὐ
371 1650 448 1714 πολὺ
472 1650 505 1712 dd
527 1646 668 1730 ἀλλήλων
695 1657 738 1737 τῷ
755 1648 858 1737 χρόνῳ
881 1649 1068 1731 διεστήκασι]
1101 1657 1157 1712 Ba·

136 1745 301 1802 ctrianorum
323 1760 370 1798 rex
393 1742 452 1806 ille,
484 1758 601 1814 quocum
624 1741 707 1797 Ninus
730 1741 864 1807 conflixit,
898 1743 1028 1815 Oxyartes
1050 1759 1065 1797 a
1088 1742 1152 1798 Dio·

105 1831 201 1896 adoro
218 1836 343 1894 vocatum
367 1827 509 1890 alustino,
533 1825 661 1891 arnobio,
686 1844 716 1882 ac
731 1828 845 1883 caeteris
861 1828 1028 1884 Zoroastres.
1059 1826 1155 1901 Neque

136 1913 261 1969 dissentit
276 1911 386 1973 Plinius,
409 1922 441 1967 ut
457 1909 593 1984 Scaligero
615 1911 730 1967 videtur.
762 1912 854 1986 Neque
877 1912 948 1968 enim
971 1911 1075 1967 dubitat
1097 1911 1153 1977 ille,

135 1998 206 2054 sitne
228 1996 320 2068 llagus
351 1995 421 2051 idem
452 2012 514 2051 eum
543 2012 607 2068 rege
629 1996 785 2061 Bactriano,
817 1997 864 2053 sed
893 2006 985 2052 utrum
1014 2013 1085 2051 uuus
1107 1996 1154 2052 hic

135 2081 233 2145 luerit,
263 2097 297 2135 an
320 2089 348 2136 et
369 2081 436 2135 alius
459 2089 569 2153 postea:
593 2083 667 2153 quod
690 2081 812 2137 Salienus
834 2090 929 2137 noster
950 2090 1024 2138 recte
1046 2081 1073 2136 in
1095 2083 1156 2136 An·

134 2165 242 2222 nalibus
263 2165 457 2221 animadvertit.
489 2165 634 2220 Vanissima
649 2165 787 2239 Magorum
803 2167 875 2222 natio
892 2167 1063 2222 Zoroastren
1077 2166 1153 2221 illurn

134 2251 350 2323 antiquissimum
378 2259 470 2324 putat;
499 2257 595 2322 utpote
624 2251 670 2323 qui
698 2250 843 2306 Troianum
872 2251 1003 2306 excidium
1032 2251 1155 2324 quinque

134 2351 267 2392 annorum
289 2335 397 2391 milibus
420 2335 605 2398 antecesserit,
627 2344 659 2391 ut
680 2336 800 2397 Plinius.
825 2344 852 2392 et
875 2336 976 2392 Plutar.
1006 2335 1094 2391 Traot.
1118 2335 1153 2391 de

133 2420 203 2477 lside
226 2429 370 2479 testantur.
400 2420 478 2493 Apud
500 2420 636 2477 laertium
658 2421 779 2477 Xanthus
803 2421 900 2494 Lydius
924 2421 1057 2482 sexcentis
1080 2420 1154 2475 dun·

67 2517 71 2526 “
134 2514 207 2563 taxat
229 2506 305 2562 arinis
328 2515 391 2562 ante
407 2506 500 2561 Xerxis
524 2495 670 2577 διάβασιν
691 2506 812 2562 extitisse
827 2508 989 2563 Zoroastren
1004 2512 1149 2561 asseverat.

27 2618 29 2622 Α
134 2589 209 2645 Unde
231 2591 329 2646 merito
352 2589 443 2662 plures
466 2589 587 2645 eiusdem
609 2592 725 2647 nominis
747 2591 831 2648 luisse
853 2592 1007 2664 suspicatur
1022 2590 1150 2663 Scaliger.

218 2667 272 2730 τὸν
293 2665 404 2749 σερούχ
426 2665 479 2728 τὸν
500 2663 741 2749 ἑρμηνευόμενον
761 2669 937 2751 {gadiupida}
972 2675 1064 2730 Variae
1087 2682 1151 2730 suut

133 2758 205 2831 apud
220 2758 397 2831 Epiphanium
416 2757 600 2814 Hebraeorum
623 2761 763 2817 nominum
785 2761 913 2832 origines,
937 2767 964 2814 et
986 2759 1153 2831 interpreta-

133 2843 222 2898 tiones
249 2843 347 2915 partim
376 2842 522 2908 obscurae,
552 2846 649 2917 partim
672 2843 867 2901 subahsurdae.
911 2843 993 2897 llulta
1015 2844 1086 2898 enirn
1102 2845 1151 2912 ,vel

134 2927 321 2984 eruditissimis
347 2944 397 3000 per
417 2928 624 3001 imprudentiam
647 2929 781 2986 excidunt.
812 2928 905 3001 Neque
927 2935 1072 3000 propterea
1095 2927 1152 2983 lle-

132 3012 242 3068 hraisuii
264 3011 315 3067 luit
336 3011 477 3085 imperitus
500 3013 680 3088 Epiphanius,
710 3029 790 3086 quem
813 3011 944 3075 Graecae,
972 3011 1070 3085 syrae,
1094 3010 1152 3068 lle-

131 3097 239 3162 braeao,
262 3097 449 3171 Aegyptiacae,
473 3107 501 3155 et
522 3115 554 3155 ex
576 3108 652 3172 parte
667 3098 776 3153 Latinae
797 3095 905 3168 liuguae
921 3097 1050 3152 scientem
1066 3097 1151 3154 luisse

132 3181 273 3238 confirmat
296 3181 405 3238 hieron.
428 3183 506 3255 Apol.
531 3184 548 3241 2
572 3191 667 3238 contra
687 3180 757 3237 unu.
780 3198 860 3254 quem
883 3190 978 3254 argute
1001 3181 1149 3256 bilinguem

132 3267 267 3332 nominat,
297 3268 370 3341 quod
393 3267 493 3343 Graece
515 3267 662 3340 Latineque
684 3274 788 3322 nosset.
833 3267 906 3322 luter
926 3266 1006 3323 falsas
1029 3268 1150 3342 origina-

133 3351 221 3408 tiones
243 3351 311 3408 haee
332 3354 390 3426 ipsa
412 3349 533 3407 vocabuli
556 3351 644 3423 Serug
665 3351 853 3424 interpretatio
876 3368 890 3406 a
914 3351 1056 3408 calvinista
1078 3369 1150 3427 quo-

132 3436 192 3491 dam
214 3435 361 3508 profertur,
385 3452 446 3491 eum
469 3434 571 3506 aliquot
593 3435 666 3503 aliis;
690 3443 721 3491 ut
743 3451 804 3491 oum
820 3446 942 3493 caeteros
958 3438 1052 3494 Patres
1068 3454 1149 3494 erro-

131 3520 169 3575 ris
191 3520 262 3575 haud
285 3529 409 3594 expertes
431 3518 514 3574 luisse
537 3518 661 3592 colligat;
685 3528 741 3576 tum
763 3521 805 3577 vel
823 3522 953 3597 imprimis
968 3522 1147 3597 Epiphanium
1224 3540 1228 3547 ·

132 3605 159 3660 in
181 3604 344 3678 explicandis
366 3601 520 3659 nominibus
544 3602 693 3661 aberrasse.
713 3614 720 3619 ’“
739 3605 793 3663 Nos
816 3607 850 3664 de
872 3607 998 3683 reliquis,
1030 3607 1149 3680 quaein
