2534 4154
465 323 755 374 narniniensioues.
1059 309 1120 372 285

104 478 250 538 Sciendum
272 486 314 534 est
336 486 426 535 autem
448 477 626 552 Epiphanium
650 469 777 556 αἱρέσεις
799 479 853 536 sive
876 487 965 536 sectas
986 480 1123 554 appellare
1163 491 1166 495 ’

104 564 229 622 instituta
251 561 354 618 vivendi
377 578 408 618 ac
429 562 548 620 diversos
571 564 692 638 gentium
716 564 801 629 ritus,
824 563 975 622 cuiusmodi
997 564 1125 622 innume-

104 648 204 706 rabiles
226 647 323 704 confici
344 655 503 721 potuerunt.

194 731 314 791 10010.
344 724 364 807 ἢ
386 722 493 790 ὁπόσοι
515 726 546 788 ἓν
566 733 631 798 τοῖς
650 726 795 805 Aetne]
826 733 902 802 Ques
923 734 968 790 hic
989 733 1124 790 baunidas

104 817 237 891 intelligat
259 816 429 874 divinandum
452 826 503 874 est.
533 816 590 873 Non
615 817 686 872 euim
708 817 741 873 ad
763 817 881 883 bannos,
904 819 1010 892 opinor,
1033 819 1124 876 ltaliae

104 903 237 979 populum
266 920 314 976 par
336 911 379 958 est
400 902 504 959 relerri.
549 902 603 957 lam
626 902 734 967 Zinclri,
763 902 818 958 sive
836 901 930 959 Ziechi
952 903 985 959 ad
1007 902 1125 960 Pontum

104 988 238 1045 Euxinum
261 988 287 1042 in
303 977 435 1045 Sarmatia
449 986 565 1043 Asiatica
587 986 756 1043 collocamur
769 985 803 1042 ah
818 987 928 1043 Amano.
959 987 1018 1044 Geli
1033 997 1125 1045 utrum

105 1073 202 1130 Geloni
223 1072 278 1128 sint
300 1090 355 1127 nnn
376 1072 473 1145 liquet.
502 1071 569 1127 Gelli
592 1071 700 1144 quidem
721 1072 750 1128 in
771 1072 921 1128 Mamertini
944 1072 1075 1147 Panegyr.
1092 1074 1126 1130 ad

104 1158 292 1214 Maximianum
313 1157 407 1230 populi
430 1156 537 1230 quidam
559 1164 714 1221 censentur,
738 1165 768 1212 ut
790 1155 917 1213 observat
939 1157 1068 1213 ortelius.

198 1243 275 1300 1092
291 1258 315 1297 a.
345 1230 405 1299 ὅσα
426 1259 458 1298 τε
481 1232 570 1311 ἄλλα,
592 1232 632 1297 τά
652 1258 684 1298 τε
700 1237 731 1297 ἓν
741 1233 900 1314 Ἐλευσῖνι]
931 1241 1019 1298 Pauca
1035 1242 1127 1298 erin-1

104 1327 190 1384 finitis
211 1326 410 1383 Eleusiniorum
439 1326 535 1383 ritihus
558 1343 589 1382 ao
611 1325 772 1383 ceremoniis
794 1326 927 1400 expressit
949 1343 964 1382 e
988 1325 1126 1383 Clemente

106 1414 134 1469 in
157 1412 293 1485 Protrept.
317 1428 398 1487 quem
427 1419 457 1468 tu
480 1410 607 1476 consule,
629 1419 661 1467 ut
684 1419 711 1467 et
732 1410 909 1476 nrnohium,
926 1411 1049 1486 aliosque
1070 1419 1126 1467 tum

107 1506 213 1554 veteres
241 1513 321 1571 quarn
353 1497 536 1561 recentiores,
566 1496 612 1568 qui
634 1497 667 1552 de
687 1495 795 1553 Cereris
818 1496 951 1570 Mysteriis
973 1494 1128 1570 diligentis·

107 1583 176 1638 sime
205 1581 383 1656 scripserunt.
427 1582 461 1638 Et
488 1599 539 1637 nos
568 1581 595 1636 iu
617 1581 807 1637 Themistianis
835 1580 911 1637 Notis
941 1580 1013 1636 haud
1041 1597 1127 1654 pauca

107 1665 282 1724 contulimus.
313 1667 387 1736 Quae
408 1666 475 1722 adeo
498 1665 634 1722 nonnullis
657 1665 851 1738 persuasimus,
874 1673 905 1722 ut
926 1665 985 1722 siue
1006 1665 1061 1722 uda
1076 1681 1128 1722 cu-

107 1753 232 1825 iusquam
253 1752 391 1808 mentione
413 1759 540 1824 tanquam
562 1749 669 1824 vulgata
691 1757 718 1807 et
739 1751 767 1806 in
788 1750 914 1807 confesso
936 1750 1008 1824 apud
1031 1767 1126 1807 omnes

107 1836 211 1912 posita,
240 1852 310 1909 quae
339 1837 397 1892 sine
418 1835 500 1891 dubio
524 1852 555 1892 er
577 1835 678 1891 uostris
700 1834 752 1891 illis
774 1836 935 1901 hauserant,
965 1836 1022 1892 suis
1045 1835 1127 1892 Com-

108 1921 247 1977 mentariis
269 1920 405 1995 illigarint.
436 1920 514 1989 Quod
537 1928 641 1976 tautum
663 1919 740 1976 abest
763 1929 795 1976 ut
815 1919 930 1977 moleste
945 1921 1073 1987 feremus,
1096 1928 1128 1977 ut

108 2004 222 2080 gratiam
245 2005 296 2061 illis
318 2007 398 2062 etiam
420 2005 493 2063 ultro
515 2005 671 2071 debeamus,
695 2004 768 2078 quod
788 2022 859 2078 quae
880 2006 997 2080 primum
1016 2004 1127 2062 anobis

109 2099 248 2164 comperta
270 2090 361 2147 timide
383 2108 414 2148 ac
437 2089 589 2147 diffidenter
610 2090 749 2164 proposita
771 2090 826 2147 illic
849 2099 936 2156 erant,
960 2107 992 2147 ea
1013 2107 1064 2164 pro
1079 2107 1128 2146 ve·

109 2173 213 2232 teribus
242 2192 273 2231 ae
300 2176 417 2267 receptis
439 2174 598 2240 habuerint,
629 2175 866 2248 observationique
888 2184 998 2231 nostrae
1020 2174 1127 2248 pondus

110 2269 138 2316 et
159 2260 351 2319 authoritatem
372 2260 527 2316 adiecerint.
566 2260 641 2317 luter
663 2276 694 2317 ea
715 2276 799 2333 porro
822 2276 877 2314 nou
899 2259 1047 2314 minimum¹
1060 2257 1128 2315 illud

110 2345 169 2411 luit,
193 2345 267 2418 quod
289 2346 417 2400 adversus
432 2344 599 2417 Scaligerum
620 2343 782 2400 validissime
796 2341 978 2416 probavimus,
1002 2342 1128 2416 Mysteria

113 2429 218 2487 Cereris
241 2447 295 2486 non
318 2428 541 2503 quinquennalia,
566 2428 614 2485 sed
636 2443 725 2484 annua
746 2427 839 2484 luisse.
881 2426 963 2484 Cuius
984 2428 1025 2483 rei
1046 2426 1127 2483 tidem

110 2531 126 2570 a
153 2515 264 2589 nuperis
293 2514 345 2570 ibis
374 2513 559 2587 Scriptoribus
588 2528 741 2587 expressam
773 2529 834 2568 esse
867 2528 923 2568 non
955 2511 1128 2569 mediocriter

110 2599 270 2674 gaudemus.
301 2599 384 2655 Paulo
407 2607 470 2655 ante
492 2598 556 2672 quid
578 2598 633 2654 sint
654 2589 887 2676 Μεγαρΐζουσαι
909 2599 1048 2673 γυναῖκες
1068 2614 1128 2652 am-

110 2684 182 2758 plius
211 2685 405 2757 quaerendum.
444 2684 548 2740 Caelius
571 2682 687 2756 Rhodig.
701 2684 782 2748 15,0
814 2682 967 2739 certaminis
989 2682 1148 2761 cuiusdam

110 2768 276 2843 blegarensis
304 2769 440 2835 meminit,
470 2769 518 2825 sed
545 2769 619 2843 quod
651 2768 722 2824 inter
753 2784 870 2840 pueros,
899 2784 955 2824 non
988 2768 1127 2834 mulieres,

109 2852 300 2928 peragebatur,
322 2855 432 2929 quinam
454 2853 560 2910 suavius
582 2861 716 2911 amantem
737 2861 812 2932 esset
826 2852 974 2911 osculatus.
1002 2852 1129 2928 Cogitent

112 2939 220 2995 eruditi.
375 2941 379 2949 ’

198 3012 257 3080 ὅσα
278 3040 310 3078 τε
333 3013 412 3081 ἄλλα
433 3019 465 3081 ἐν
485 3019 611 3099 Πυθοῖ]
654 3022 748 3097 Pythia
772 3023 928 3087 certamina,
951 3021 1129 3096 quemadmo-

112 3109 176 3165 dum
199 3108 344 3182 Olympica,
368 3108 576 3184 quinquennalia
600 3117 686 3173 erant,
708 3117 740 3164 ut
761 3107 869 3164 Pindari
891 3105 1055 3162 Scholiastes
1078 3106 1130 3162 do-

112 3202 165 3250 cet.
211 3191 423 3260 celebrabantur
443 3203 533 3250 autem
556 3193 668 3250 ineunte
689 3209 766 3257 vere,
789 3209 844 3248 non
866 3191 1074 3264 praecipitante,
1098 3197 1130 3246 ut

112 3278 181 3335 lalso
203 3279 324 3354 Scaliger
344 3277 414 3335 libi
442 3280 475 3335 de
496 3279 637 3335 Emendat.
659 3278 752 3350 Temp.
776 3275 893 3348 scripsit.
923 3274 981 3330 lloe
1003 3282 1045 3330 est
1067 3275 1130 3330 hla-

112 3363 277 3437 phebolioue
300 3380 402 3429 mense,
426 3364 471 3437 qui
493 3362 588 3420 Martio
609 3364 666 3420 lere
689 3362 844 3434 respondet,
868 3377 923 3415 non
940 3358 1128 3432 Thargelione,

113 3448 188 3524 quod
210 3449 261 3506 alio
283 3449 310 3504 in
333 3448 421 3523 Opere
444 3448 654 3512 confirmabitur,
677 3454 708 3502 ut
731 3454 758 3501 et
779 3444 860 3510 illud,
884 3444 1043 3501 commissos
1066 3461 1130 3501 eos·

114 3533 175 3590 dem
198 3550 258 3590 esse
280 3533 359 3590 ludos
381 3550 452 3590 anno
474 3534 594 3590 secundo
617 3529 806 3587 letraeteridis
825 3529 987 3604 olympinae,
1011 3546 1075 3596 non,
1098 3537 1129 3586 nt

114 3618 233 3696 Scaliger
254 3626 340 3694 putat,
364 3636 435 3676 anno
457 3616 547 3675 tertio.
