2534 4154
386 266 392 271 ⁸
465 303 756 360 auiulareastouss.
1061 288 1152 358 3112

104 465 162 520 diei
189 462 226 519 ait
248 465 427 529 abstinentia,
450 482 507 520 non
526 482 580 538 per
602 467 702 537 tepea,
730 467 781 521 aad
801 467 953 522 secandam
974 468 1123 540 propriam

104 552 291 604 atalantatem:
320 549 415 615 Statio‚
437 551 597 606 obseruatio
618 559 789 606 ctotatoraan
810 553 927 616 dicam
949 558 980 606 at
1001 560 1122 623 quartae

104 642 132 689 ct
160 642 258 688 sectae
278 635 385 707 seriae,
413 637 458 690 oet
480 638 725 708 ‹piadrapcsiraoa¹
767 636 892 691 Gitautur
912 646 939 692 et
961 636 1028 692 liaeo
1050 637 1128 710 apud·

104 719 250 774 Pamelium
273 719 408 775 Ambrosii
436 721 515 776 verba
540 721 626 776 Serm.
645 724 699 779 36:
728 721 871 777 stationes
890 728 1030 776 occantur
1049 723 1122 778 teta

104 805 170 868 oia,
194 806 270 875 quod
288 812 394 859 stantes
418 813 443 860 et
464 808 666 861 commorantes
689 807 719 861 in
741 808 782 860 eia
802 807 931 861 inimicos
953 807 1129 862 insidiantes*

104 890 274 961 repellimur.
307 889 402 944 Verum
425 906 514 962 nequae
538 906 588 963 ego
612 891 756 946 stationem
778 890 847 945 idem
868 907 929 946 csse
944 903 1004 946 cam
1020 891 1126 948 ieiunio·

105 974 231 1037 arbitror,
255 985 407 1046 neque-ut
431 975 537 1031 intersit
559 975 666 1047 aliquid,
690 973 913 1031 discrimen'illud
927 975 1024 1047 probo,
1048 975 1123 1048 quod

102 1056 177 1131 apud
199 1058 355 1114 libabannm
385 1059 492 1132 legitbr.
537 1060 615 1128 Quod
645 1060 715 1115 enim
744 1077 759 1114 a
788 1059 887 1115 ieiunio
910 1060 1059 1134 discrepet,
1089 1076 1128 1117 eu·

105 1143 270 1199 Tertulliano
293 1143 393 1216 liquet,
417 1145 463 1218 qui
485 1144 531 1200 lib.
550 1147 566 1201 2
590 1145 622 1199 ad
646 1145 760 1200 Uxorem
784 1152 842 1201 ad
866 1144 910 1199 ita·
924 1145 1059 1217 loquitur:
1086 1145 1122 1202 ta

102 1231 129 1284 si
151 1228 236 1283 statio
257 1229 392 1300 facienda
415 1237 463 1292 eat,
485 1231 603 1285 maritas
626 1231 659 1284 de
682 1230 728 1284 dic
749 1230 878 1284 condicat
893 1231 932 1284 ad
946 1232 1072 1294 balneas,
1095 1232 1123 1286 ai

103 1315 213 1368 ieiunia
240 1315 418 1368 observanda
440 1323 513 1378 aaut,
536 1315 653 1369 maritas
677 1316 773 1369 eadem
795 1316 840 1368 dic
862 1315 1019 1369 conviciata
1042 1330 1122 1370 eaer-

103 1406 176 1454 ccat.
221 1398 372 1466 Quinetiam
400 1399 461 1454 loco
489 1398 534 1454 illo
564 1399 645 1455 citato
675 1416 707 1455 cx
732 1399 779 1454 lib.
801 1408 895 1455 contra
917 1399 1014 1471 Psych.
1038 1401 1121 1456 old.

104 1484 241 1538 Stationes
270 1500 283 1538 a
307 1483 412 1538 ieiuniis
434 1485 567 1548 secernit,
597 1500 658 1539 cum
682 1483 843 1540 stationibus
866 1492 988 1556 quartam
1011 1492 1038 1539 et
1059 1500 1122 1538 sen·
1210 1504 1213 1510 ·

104 1579 159 1623 tam
182 1566 292 1623 Sabbati
322 1568 434 1624 dicatam
463 1585 523 1624 esse
552 1568 630 1632 dicit,
660 1569 837 1624 Parasceuem
861 1568 976 1624 ieiuniis.
1021 1568 1122 1623 Contra

104 1653 152 1708 lib.
175 1652 208 1707 dc
231 1653 335 1708 Corona
352 1653 404 1708 llil.
428 1670 452 1709 c.
466 1657 496 1710 ll
524 1653 660 1709 stationes
683 1670 733 1726 pro
755 1653 1010 1726 ieiuniisnsurpaii
1024 1653 1124 1708 Pame-

104 1737 156 1792 lius
179 1737 326 1801 existimat,
351 1738 393 1792 bis
416 1737 441 1793 iu
466 1737 569 1794 verbis:
598 1737 661 1792 lara
684 1746 710 1792 et
730 1739 937 1793 stationariaat
958 1739 1010 1794 atta·
1031 1736 1122 1808 anapia

101 1823 190 1894 saciet
212 1838 297 1893 qaam
321 1822 452 1877 Christo?
473 1806 523 1878 (iat
545 1829 571 1877 et
596 1822 741 1878 dominico
764 1824 818 1892 die,
841 1824 953 1895 quando
974 1838 1025 1878 aec
1042 1822 1123 1878 Clui-

103 1909 168 1963 ato?
196 1906 227 1961 Et
250 1906 336 1962 multo
359 1907 525 1963 manilestius
548 1907 595 1964 lib.
619 1908 651 1963 dc
674 1908 768 1963 anima
791 1924 814 1964 c.
832 1911 886 1964 ts:
919 1907 994 1977 Quia
1015 1915 1041 1963 ct
1061 1907 1129 1964 lla-‘-

104 1993 162 2047 niel
184 1992 268 2046 triam
288 1992 491 2049 hebdomadam
512 1994 633 2049 statione
656 1995 732 2048 arait
753 1995 863 2049 rictam.

190 2076 243 2132 Sed
271 2093 321 2150 ego
350 2077 493 2133 stationem
519 2079 590 2151 apud
612 2077 806 2134 Tertullianum
828 2077 988 2151 praesertim
1002 2077 1130 2149 religio-

104 2176 164 2215 sum
188 2161 253 2216 illud
276 2179 336 2218 esse
358 2161 478 2219 fidelium
501 2163 617 2219 alliciam
642 2162 767 2228 arbitror,
792 2180 846 2238 quo
868 2162 950 2219 certis
972 2161 1067 2216 diebus
1089 2161 1121 2215 ad

105 2246 220 2318 synaxin
250 2247 395 2312 adeuntes,
425 2247 522 2303 ibidem
549 2248 581 2303 ad
605 2264 703 2303 nouam
726 2265 814 2323 usque
836 2245 1059 2319 perseverabant,
1090 2244 1122 2301 ad

105 2346 185 2404 quam
213 2331 326 2404 insuper
353 2332 450 2387 ieiunia
480 2331 676 2404 producebant.
720 2332 796 2387 Unde
824 2340 852 2386 ct
878 2348 928 2404 pro
950 2329 1124 2385 multitudine

65 2477 69 2483 ,
104 2419 162 2488 ipsa
185 2423 375 2488 conventuque
395 2432 591 2488 nonnunquam
614 2416 685 2471 solet
706 2416 801 2488 accipi.
830 2415 990 2478 Nonsecus,
1015 2415 1121 2487 opinor,

105 2517 137 2555 ao
159 2499 279 2555 militaris
302 2501 382 2556 static
406 2509 458 2555 tam
481 2517 531 2573 pro
553 2501 614 2556 loco
637 2516 717 2575 quam
740 2517 790 2573 pro
813 2499 901 2554 standi
924 2508 952 2554 ct
973 2497 1129 2554 excubandi*-

105 2585 253 2649 lunatione,
276 2585 330 2640 imo
353 2595 380 2641 et
402 2603 452 2659 pro
474 2585 531 2657 ipsa
554 2585 660 2641 militari
684 2601 764 2639 mauu
788 2584 859 2656 apud
873 2584 982 2639 Latinos
1005 2600 1124 2656 usurpa-

106 2679 160 2725 tur.
190 2670 278 2725 Livius
295 2670 341 2725 lib.
360 2672 415 2728 38:
438 2671 634 2734 Pabalatorea,
658 2671 866 2740 lipaatorcsqac
882 2669 1002 2724 Romani
1015 2670 1045 2724 ia
1061 2685 1124 2723 caat

101 2763 223 2827 partem,
245 2756 276 2809 ia
298 2771 354 2826 aaa
376 2757 547 2826 colloquium
567 2756 693 2827 saturam
708 2763 779 2824 erat,
803 2754 968 2823 doctinam,
992 2755 1078 2809 tatiaa
1091 2755 1123 2809 id

102 2841 230 2910 satarum
256 2840 385 2895 Tribunis
411 2843 497 2904 ratis,
526 2842 592 2913 qaia
617 2840 692 2895 Coss.
712 2840 888 2912 praesidium
910 2847 936 2895 et
956 2841 1048 2912 ipsam
1066 2855 1122 2911 pro

104 2925 225 2980 statione
253 2924 380 2980 babituri
402 2934 497 2990 crant,
526 2943 607 2981 saara
630 2934 722 2980 tamea
745 2927 865 2981 alteram
886 2926 1034 2980 stationem
1053 2941 1122 2994 pro·

100 3010 169 3081 piac
199 3015 295 3064 castro
320 3012 379 3066 600
407 3013 529 3081 opattam
548 3019 713 3083 posuerant.
757 3010 840 3065 Erant
861 3009 974 3072 milites,
1004 3007 1049 3080 qui
1072 3006 1130 3062 ali-⁴

106 3103 207 3165 quanto
230 3110 244 3148 a
268 3095 362 3150 castris
384 3095 524 3151 intervallo
546 3095 578 3150 ad
602 3111 696 3151 corum
719 3095 831 3151 tutelam
854 3092 1030 3150 excubabant.
1067 3091 1173 3150 lto-aar

105 3178 166 3232 dem
190 3178 270 3233 modo
286 3178 500 3236 Christianorum
523 3180 654 3236 stationes
677 3189 730 3236 tam
747 3196 838 3235 sacrae
854 3178 914 3233 illae
930 3176 1024 3233 diebus
1040 3176 1122 3231 certis

106 3263 309 3325 excubatores,
331 3281 411 3337 quam
429 3266 537 3338 ipsimet
551 3265 668 3320 fidelium
686 3272 834 3320 conventus
850 3261 986 3336 appellati.
1010 3261 1121 3316 l'ertnll.

105 3348 132 3402 in
156 3347 228 3407 calce
251 3346 298 3402 lib.
321 3348 354 3404 de
377 3350 467 3404 Orat:
497 3349 529 3406 Si
556 3352 641 3405 statio
672 3351 705 3403 de
732 3348 851 3404 militari
877 3347 1002 3419 exemplo
1023 3361 1124 3400 acmen

104 3434 227 3505 accipit:
257 3431 346 3502 (Nam
374 3441 400 3488 et
427 3435 531 3489 militia
553 3435 607 3491 Dei
633 3424 744 3506 samaa)
772 3434 867 3504 atique
893 3433 975 3488 calla
1003 3431 1133 3495 tacitae,

103 3519 164 3573 aaa
198 3518 315 3572 tristitia
347 3521 496 3574 obveniens
529 3520 630 3573 castris
662 3518 798 3573 stationes
829 3517 949 3572 militam
980 3516 1133 3571 resanat·

105 3602 210 3671 (linibus
233 3601 321 3658 uerbis
344 3603 735 3676 demonstran-nequaquam,
766 3603 839 3677 quod
862 3602 941 3675 vulgo
963 3616 1123 3674 persuasum
