2534 4154
111 369 175 411 [ΧΠ
516 369 543 418 S.
563 368 711 418 Ectcflttttt

113 523 172 579 372
196 523 356 583 aumth,
381 519 526 576 observans
548 523 626 596 plane
649 523 693 577 bic
716 523 840 577 eumdem
862 520 992 586 describi,
1015 521 1048 576 de
1070 536 1124 595 qua

110 608 169 679 ipse
190 604 355 677 Epiphanius
378 605 437 660 fuse
459 615 556 662 tractat
578 608 683 663 haeresi
698 607 801 671 LXVII,
830 615 957 681 tanquam
983 623 997 660 a
1020 605 1125 663 llauete

110 690 242 763 proximo,
266 701 292 744 et
315 701 376 744 aute
394 690 563 747 lleletianum
587 693 703 747 schisma
726 702 806 764 alque
821 692 876 747 nui
898 692 1031 747 haeresim
1054 693 1125 765 apud

110 776 257 847 Aegyptias
281 784 361 838 noto;
386 793 537 849 quanquam
561 777 588 831 in
610 775 750 832 decorato
774 777 844 832 dicat
867 794 893 831 a.
912 778 966 840 83,
996 793 1025 832 se
1048 793 1126 831 com·

111 861 214 932 perisse
243 860 408 914 “troiauullos
431 877 519 933 nuper
540 861 695 924 excitatos‚”
724 862 750 915 id
774 871 815 917 est
837 853 908 917 circa
930 877 1029 915 anatim
1054 864 1124 924 370,

112 944 231 1017 “quibus
260 944 381 1018 plerique
409 945 527 1000 omnium
557 947 729 1000 monasticam
758 945 785 999 in
811 947 948 1019 Aegypta,
978 945 1124 1008 Thebaide,

110 1029 263 1102 ceterisque
291 1029 447 1100 regionibus
476 1031 658 1086 exercentium
688 1031 762 1085 facile
786 1031 885 1102 primas
908 1031 1048 1095 deserunt,
1080 1032 1126 1106 qui

110 1117 137 1170 in
167 1114 260 1170 eodem
290 1131 351 1168 cum
375 1108 513 1170 llieracitis
543 1132 634 1170 errore
664 1124 818 1179 versamur,
848 1132 878 1170 ac
901 1115 1013 1188 perinde
1035 1122 1066 1170 ut
1089 1115 1125 1170 illi

110 1217 164 1255 non
193 1199 421 1254 resurrectionem
449 1201 553 1264 carnis,
584 1218 637 1255 nou
667 1200 748 1256 buius
776 1216 856 1274 qttam
880 1200 1011 1255 babemus
1033 1199 1124 1262 modo,

110 1285 157 1340 sed
186 1283 296 1339 alterius
325 1284 351 1340 iu
381 1285 462 1339 huius
484 1285 572 1340 locum
596 1284 800 1340 substituendae
823 1283 1002 1357 praedicant''.
1048 1282 1125 1353 Quod

110 1369 142 1425 ad
163 1368 344 1442 Paphnutium
368 1370 479 1432 attinet,
509 1369 581 1423 inter
602 1369 723 1424 celebres
746 1369 846 1424 Nitriae
868 1369 1031 1433 monachos,
1056 1384 1126 1442 quos

110 1454 137 1510 S.
159 1453 240 1509 Paula
269 1455 387 1509 Romana
416 1453 511 1516 adivit,
544 1462 669 1508 numerat
697 1453 830 1509 Palladius
861 1455 936 1508 Hist.
965 1453 1126 1509 Lousiooae

110 1543 219 1604 olli,
242 1538 423 1612 Paplanutium
448 1537 600 1602 Seetloten,
631 1538 677 1610 qui
698 1547 838 1612 utcunque
861 1539 953 1593 reduci
977 1547 1071 1612 posset
1094 1539 1127 1593 ad

22 1684 29 1693 ‚
109 1624 190 1680 buius
219 1622 296 1678 lictae
325 1622 351 1676 in
380 1624 501 1694 Aegypto
532 1623 757 1695 peregrinationis
793 1632 915 1696 tempus:
951 1622 1034 1679 ceteri
1067 1623 1126 1679 eius

109 1707 225 1764 nominis
253 1706 374 1762 celebres
403 1706 444 1761 alii
473 1706 592 1762 iuniores
616 1717 695 1775 saat;
726 1724 785 1762 nam
809 1709 842 1763 de
865 1707 993 1781 episcopo
1017 1708 1128 1763 coales-

109 1810 171 1847 sore
193 1790 243 1845 sub
266 1789 416 1856 Maximino,
440 1791 486 1866 qui
508 1792 623 1848 concilio
644 1792 761 1849 Nicaeae
783 1793 914 1857 interluit,
938 1808 993 1848 noa
1011 1801 1059 1848 est
1074 1790 1127 1848 hoc

108 1876 169 1931 loco
191 1875 373 1947 cogitandum.

195 1963 243 2016 50.
289 1959 374 2015 Porro
396 1969 523 2015 manente
544 1961 617 2016 iuxta
640 1961 828 2035 Spaahydrion
850 1960 1018 2034 Epiphanio,
1041 1962 1126 2018 sames

108 2042 191 2098 valida
214 2044 368 2099 incubuisse
389 2043 552 2100 Phoeniciae
574 2046 681 2110 dicitur,
704 2063 817 2119 eamque
839 2045 981 2118 impetrata
1002 2047 1126 2101 triduana

107 2128 195 2203 pluvia
218 2145 327 2184 curasse
350 2138 475 2194 sanctus;
500 2147 583 2202 quare
601 2148 650 2203 pro
666 2148 700 2187 eo
722 2131 755 2186 od
778 2130 962 2204 episcopatum
986 2131 1126 2187 evehendo

108 2213 213 2270 collecti
237 2214 366 2287 episcopi,
389 2231 450 2270 cum
473 2216 505 2270 ad
528 2216 652 2271 eumdem
676 2215 860 2289 quaerendam
883 2216 1005 2271 iuvenem
1029 2231 1127 2271 mona·

108 2300 188 2356 chum
204 2299 346 2374 Polybium
368 2299 572 2366 submisissent;
596 2303 654 2374 ipse
677 2302 808 2356 adventus
830 2317 910 2355 eausa
933 2301 1059 2356 divinitus
1076 2316 1127 2356 co-

107 2384 197 2460 gnita,
221 2403 282 2441 cum
305 2385 399 2441 eodem
423 2384 535 2458 Polybio
558 2400 651 2441 seeum
674 2396 797 2451 retento,
826 2393 936 2441 etcum
959 2386 1059 2441 Ioanne
1082 2385 1127 2441 su-

31 2469 36 2479 '
107 2471 178 2543 gerit
203 2471 231 2525 in
260 2471 376 2544 Cyprum
405 2470 437 2525 ad
467 2471 494 2526 S.
511 2470 690 2527 Hilariouem:
719 2487 733 2526 a
762 2488 816 2544 qno
843 2471 935 2526 iussus
964 2470 1125 2526 Salaminam

107 2553 256 2609 habitatum
285 2555 372 2620 adire,
403 2565 430 2610 et
452 2555 550 2612 invitus
573 2574 604 2612 ac
625 2565 787 2630 tempestate
810 2555 967 2628 compulsus
990 2555 1053 2610 illuc
1075 2570 1127 2628 up-

106 2637 211 2711 pelleas
233 2640 333 2703 navim,
364 2657 443 2711 quam
466 2642 639 2713 navigaturus
660 2643 819 2698 Ascalonem
843 2641 1017 2704 ascenderat,
1048 2655 1127 2696 corn-

106 2723 259 2794 prebensus
281 2723 308 2777 ia
331 2722 389 2778 loro
413 2723 494 2779 suerit
515 2725 573 2780 aS.
589 2725 691 2799 Pappa,
715 2726 748 2781 de
771 2733 825 2799 quo
847 2740 930 2796 supra
952 2741 980 2779 u.
994 2727 1039 2789 15,
1063 2740 1125 2780 cum

106 2806 176 2863 forte
205 2821 269 2860 uvas
289 2806 453 2871 licitaretur,
483 2816 640 2880 tractusque
663 2810 695 2863 ad
718 2809 858 2864 ecclesiam
881 2808 1021 2863 ordinatus
1043 2809 1127 2864 scierit

106 2907 156 2964 per
183 2889 234 2944 vim
263 2890 422 2962 episcopus;
452 2907 506 2963 quo
532 2892 559 2947 iu
582 2909 694 2947 munere
717 2892 842 2948 babuerit
862 2891 1004 2947 diaconum
1028 2892 1127 2948 Chari-

106 2992 186 3040 num,
210 2991 224 3030 a
247 2991 301 3048 quo
324 2974 483 3030 calumniam
507 2993 603 3048 passus
625 2985 739 3050 propter
759 2991 857 3031 aureos
880 2985 989 3031 centnm
1012 2975 1045 3030 acl
1067 2975 1126 3031 dis-

106 3059 264 3116 solvendam
292 3060 388 3132 captivi
410 3059 594 3133 Eugnomoais
617 3060 737 3117 debitum
760 3061 793 3117 de
815 3059 895 3115 bonis
917 3059 1053 3116 Ecclesiae
1077 3078 1146 3116 ex-.

105 3163 222 3219 pensos,
252 3145 371 3218 quamvis
394 3145 479 3200 eidem
502 3146 659 3221 restitutos3
683 3145 768 3201 eidem
792 3143 922 3208 Cbariua,
953 3145 1005 3202 sibi
1026 3146 1059 3202 ad
1081 3156 1126 3202 ter

106 3232 248 3304 repetitam
271 3230 375 3304 prandii
396 3238 521 3303 tempore
539 3231 610 3286 cervi
625 3220 718 3286 va'cern
732 3229 865 3294 illudenti,
889 3239 1005 3287 mortem
1021 3231 1054 3286 ab
1071 3232 1124 3287 boe

106 3317 322 3389 praenuntiatam
350 3314 521 3388 significarit;
550 3332 662 3371 uxorem
686 3324 775 3371 autem
799 3315 857 3370 eius
879 3331 893 3370 a
917 3316 1032 3390 paralysi
1054 3315 1125 3371 libe-

106 3409 191 3463 ratam
214 3400 345 3458 ordinarit
358 3400 554 3465 diaconissam,
577 3417 632 3456 nou
653 3400 712 3456 sine
735 3399 793 3457 utili
816 3399 848 3455 ad
871 3400 1005 3474 reliquum
1022 3401 1124 3456 clerum

106 3483 132 3538 in
161 3484 250 3541 officio
272 3485 464 3541 continendum
487 3485 625 3559 erempl03
655 3485 719 3559 quia
742 3487 823 3542 etiam
845 3485 941 3542 solitus
963 3501 1018 3542 non
1040 3485 1128 3559 peril·

107 3585 169 3624 cere
191 3568 364 3632 oblationem.
388 3571 475 3626 donec
496 3571 625 3626 visionem
647 3571 773 3639 vidissem
797 3587 858 3627 cum
880 3587 911 3626 ee
933 3580 1043 3644 praeter
1063 3586 1126 3626 mo·

107 3668 167 3711 nem
193 3653 360 3720 differretur,
390 3670 496 3712 orassev
511 3664 539 3712 et
566 3657 741 3730 cognovisse,
774 3656 803 3712 in
831 3670 912 3713 eausa
940 3669 1033 3712 morae
1062 3671 1122 3713 eme
