2534 4154
165 302 227 390 tte
603 336 732 388 *rnrryu
790 349 813 369 ¹·

159 498 344 574 χειροτονεῖν
371 491 489 574 τολμᾷν
516 487 599 567 δίχα
613 495 668 549 τοῦ
699 489 730 549 ἐν
756 493 793 569 τῇ
822 484 906 548 πόλει
932 483 1135 561 Ἐαισκόποιι,
1163 474 1182 569 ᾗ

164 575 336 640 ὑπόκεινται
360 570 452 644 αὐτός
474 594 505 633 τε
528 571 618 650 καὶῆ
636 568 735 652 χώρα.
759 571 801 632 εἰ·
820 570 853 633 δὲ
875 570 1036 651 scipioni
1054 592 1102 643 τις
1122 594 1184 632 πα-

165 664 297 747 ραβῆναι
320 656 357 720 τὰ
379 656 554 747 ὃρισθέιεα,
578 660 800 738 καθαιρεῖσθαι
824 652 921 718 αὐτὸν
939 655 989 716 καὶ
1010 645 1048 736 ἧς
1067 654 1184 735 μετέχει

167 753 271 825 τιμῆς·
295 743 538 824 Χαιρεπίσκοπον
560 741 593 803 bt
614 741 754 822 γίνεσθαι
774 739 835 804 ὑπὸ
858 747 912 804 τοῦ
935 749 989 820 τῆς
1007 739 1143 817 πόλεως,
1164 726 1185 822 ᾗ

164 828 320 892 induerem
340 826 533 888 Ἕπίσκόποιι.
578 833 664 900 Quem
688 832 832 888 Cononem*
851 832 890 888 sic
913 833 1023 888 Latinus
1045 833 1185 904 interpres

165 920 293 978 reddidit:
327 918 540 990 Eborepisoopi,
569 918 680 974 tametsi
706 933 806 973 monus
828 917 1094 989 impositionem'ob
1115 916 1186 990 Epi·

163 1022 249 1078 scopo
272 1010 454 1077 susceperunt
477 1009 502 1057 et
523 1010 553 1057 nt
575 1002 711 1075 Episcopi
730 1010 796 1058 snnt
817 1004 982 1067 consecrati,
1007 1009 1100 1058 tamen
1119 998 1186 1074 pis'·

166 1090 361 1146 cnit²somctoe
383 1088 494 1158 Synodo
523 1103 570 1142 eos
592 1090 703 1142 modum
720 1089 870 1160 proprium
890 1087 1012 1143 retinere
1034 1094 1059 1142 et
1072 1090 1186 1158 puber-

164 1191 236 1231 nure
259 1176 421 1229 adiacentes
442 1173 498 1227 sibi
520 1174 656 1236 ciuitates,
680 1180 706 1226 et
728 1188 788 1227 esse
810 1180 952 1228 contentos
972 1172 1095 1244 propriu
1117 1172 1186 1228 soli·

166 1261 298 1324 citndine,
322 1267 348 1312 ct
368 1257 585 1329 pebernotione,
609 1272 693 1330 qnam
713 1265 903 1328 susceperunt.
936 1256 1111 1312 Constituere
1133 1272 1188 1312 nu-

167 1352 220 1400 tem
240 1344 284 1400 leis
304 1344 478 1416 permittites
500 1341 644 1407 Lectores,
675 1348 700 1396 et
722 1340 930 1406 Subdicconoc,
949 1348 1044 1413 -otqnc
1064 1341 1188 1398 Emorci·

165 1437 233 1495 stes,
256 1431 355 1502 qnibns
377 1426 639 1502 sufficiot‘istornm
661 1434 767 1482 tontum
787 1427 927 1498 prodnnrn
948 1427 1092 1505 licentium
1106 1443 1188 1483 cccc·

147 1517 249 1595 pisse.
280 1513 344 1570 Non
368 1521 461 1568 antem
483 1512 686 1582 Presbyterum,
710 1528 767 1566 non
783 1511 941 1566 Diaconum
963 1513 1088 1567 audeant
1110 1514 1189 1568 ordi-

165 1616 237 1656 nere
251 1596 381 1670 ''proeter
409 1598 609 1653 conscientiam
630 1597 766 1670 Episcopi
794 1596 930 1660 cioitotis,
958 1598 1003 1652 cel
1030 1596 1187 1661 Ecclesiae,

167 1687 214 1741 cni
236 1684 370 1739 adiacens
391 1683 547 1759 invenitur,
574 1698 625 1736 sen
645 1684 715 1754 ipse,
738 1696 788 1736 sen
809 1681 900 1751 nepio,
923 1682 955 1736 in
977 1697 1033 1752 qnu
1051 1697 1189 1754 prueeem

168 1769 341 1840 dipnoscitnr
364 1774 414 1821 etc.
460 1766 681 1838 Cleorepisccpns
710 1775 804 1821 cutem
831 1768 867 1821 ob
889 1765 1031 1838 Episcopo
1054 1768 1187 1831 ciuitatis,

167 1855 212 1909 bel
240 1853 309 1916 loci,
340 1853 386 1906 eei
412 1853 486 1906 idem
509 1853 628 1915 adiacet,
653 1853 827 1906 ordinandus
850 1857 899 1906 est.
944 1851 1074 1910 Poterant
1095 1852 1188 1926 itaque

117 1936 355 1998 itbsubdicconos
378 1952 408 1990 cc
430 1936 549 1992 minores
570 1936 687 1991 Clericus
711 1936 845 2000 ordinere,
870 1945 897 1990 et
919 1952 981 1991 vero
997 1936 1187 2010 Presbyteros,

168 2038 199 2077 sc
222 2021 368 2083 Diaconos,
400 2020 423 2074 si
450 2019 483 2074 ab
512 2020 646 2093 Episcopo
674 2020 752 2075 lieret
779 2028 911 2093 potestas.
956 2020 1045 2089 Quare
1072 2023 1188 2096 emplius

168 2105 294 2180 quiddam
318 2113 394 2159 erent
416 2121 496 2176 quam
518 2103 674 2177 Presbyteri
696 2114 737 2169 et,⁴
768 2104 790 2159 si
811 2121 904 2160 verum
927 2106 1099 2178 quaerimus,
1124 2106 1189 2180 Epi-

168 2192 244 2264 scopi
268 2199 353 2253 errnt,
378 2205 439 2245 cum
462 2189 495 2244 eb
518 2190 570 2245 ulio
592 2206 672 2262 quum
696 2189 728 2245 ab
752 2189 1027 2262 Episcopoordineri
1053 2189 1190 2248 Sacerdo-

168 2286 210 2333 tes
239 2292 270 2331 nc
293 2275 401 2331 liicconi
430 2273 525 2330 saltem
555 2284 699 2347 nequeant.
745 2272 789 2330 Sic
817 2274 889 2330 enim
911 2277 1094 2348 argumentari
1115 2277 1188 2334 licet.

170 2362 235 2418 Cum
260 2362 286 2417 in
309 2358 428 2416 secundo
452 2359 669 2433 Apostolicorum
692 2358 832 2415 Cenonum
861 2360 1057 2433 praescriptum
1090 2362 1128 2419 sit
1156 2368 1190 2417 ut

168 2447 202 2502 ab
224 2462 280 2502 uno
302 2445 436 2518 Episcopo
458 2445 606 2518 Presbyter
626 2455 653 2500 et
676 2444 809 2500 liisconus
838 2461 868 2500 ee
902 2444 999 2518 reliqui
1022 2445 1119 2502 Clerici
1141 2462 1190 2503 or-

169 2531 312 2595 dinentur,
336 2530 529 2603 chorepiscopi
552 2539 642 2585 autem
657 2528 854 2595 Subdieconos,
878 2530 1074 2603 interioresque
1094 2522 1190 2588 ecete-

169 2626 214 2671 r‘os
243 2632 293 2687 per
320 2630 410 2678 ceses·
429 2614 607 2687 Presbyteros
636 2631 666 2670 ec
689 2614 821 2670 Diaconos
850 2615 1025 2688 permittente
1053 2615 1189 2690 Episcopo

168 2699 499 2771 consecrarepotuetint,
523 2715 635 2754 necesse
658 2706 700 2754 est
721 2698 782 2754 illos
805 2699 953 2772 Episcopos
976 2700 1069 2756 luisse.
1099 2702 1190 2776 Atque

170 2783 223 2839 hoe
250 2783 393 2855 perspicue
417 2783 508 2838 Cenon
532 2783 718 2839 Antiochenus
749 2783 897 2856 significat,
928 2800 989 2840 cum
1019 2784 1056 2841 eit
1080 2780 1114 2841 ἐἴ
1140 2780 1191 2842 καὶ

164 2861 365 2944 χειροθεσίαν
386 2857 443 2922 εἶεν
462 2857 651 2924 Ἐπιακόπων
671 2861 837 2944 εἰληφότες.
864 2869 945 2937 Quod
966 2865 1111 2942 ⁴Dionysius
1127 2868 1191 2927 Eri-

170 2970 240 3028 guus
275 2952 311 3007 ita
341 2952 434 3007 vertit:
470 2952 597 3024 quomois
623 2968 724 3009 monus
751 2954 957 3024 impositionem
981 2952 1191 3028 Episcoponnn

166 3038 347 3113 perceperint
370 3045 395 3091 et
417 3045 447 3091 ια
467 3035 603 3110 Episcopi
624 3039 782 3093 consecrati
802 3038 867 3095 sint.
912 3039 974 3095 Sed
989 3049 1016 3095 et
1035 3039 1191 3098 Neocaesa-

170 3123 260 3180 iiense
276 3121 505 3178 (loncilium‘Cen.
519 3124 554 3180 13
578 3136 640 3178 cum
662 3122 904 3195 prohibuisset->ne
927 3117 1081 3202 ἐπιχώριοι
1103 3120 1191 3204 Hpe·

171 3202 313 3285 σβύτεροι
328 3208 418 3281 iquos
428 3226 431 3241 ·
441 3207 625 3278 Presbyteros·
642 3208 720 3262 reris
742 3207 938 3281 interpretetur
956 3209 1113 3283 liiunysius3
1126 3220 1129 3229 '
1141 3211 1191 3267 elit

163 3293 311 3351 -Eenonum
326 3291 414 3347 Editio
437 3287 663 3370 conreyionoles)
688 3287 719 3348 ἐν
740 3293 876 3371 κυριακῷ
897 3295 952 3368 τῆς
968 3287 1086 3361 πόλεως
1099 3311 1190 3352 corum

170 3377 321 3453 Episcopo,
342 3377 393 3433 rel
422 3376 497 3434 urbis
520 3377 684 3451 Presbytero
714 3376 878 3434 oblationem
907 3378 1027 3434 iacerent
1057 3387 1084 3435 et
1106 3381 1192 3437 sacris

171 3460 365 3534 operarentur,
396 3463 491 3537 eodem
515 3462 639 3529 (lenone,
669 3463 818 3519 secundum
841 3463 947 3520 latinas
970 3463 1126 3531 Editiones‚
1150 3464 1192 3522 rel

125 3539 131 3553 ⁶
171 3547 305 3618 sequenti,
329 3556 360 3602 ut
381 3547 476 3603 Graeci
497 3547 605 3604 codices
627 3546 743 3611 hebent,
768 3546 975 3621 chorepiscopis
998 3547 1025 3604 id
1046 3551 1189 3623 permittit,

171 3630 246 3702 qnod
275 3626 339 3697 roro
362 3625 535 3709 ἐπιχωρίοις
556 3625 786 3710 lipecssvre'porc
804 3640 973 3707 regeneret:
1002 3625 1039 3688 oi·
1053 3629 1088 3692 di
1104 3650 1192 3714 χωρ-
