2534 4154
152 337 201 379 ΧΙΥ
330 342 332 346 ·
503 329 588 378 ΒΙΟΣ
603 328 814 378 ΕΠΙΨΑΝΙΟΥ,

150 477 249 548 αὐτόν
274 480 434 548 διάκονον.
476 473 547 547 εἶτα
567 480 651 562 μετὰ
672 483 770 545 τοῦτο
792 478 895 545 πόλιν
917 479 1054 546 δίδιυσιν
1076 481 1164 568 εἰρη4

149 606 206 666 νην
236 584 288 646 καὶ
309 588 490 663 χειροτονεῖ
511 572 611 643 αὐτόν
633 577 870 662 πρεσβύτερον·
897 580 952 643 καὶ
974 580 1032 665 τῆς
1055 579 1163 664 ἱεραρ-

147 681 239 761 χικῆς
273 677 395 756 τάξεως
420 681 607 762 γενομένης,
642 686 822 760 χειροτονεῖ
850 670 949 740 αὐτὸν
977 675 1161 745 ἐπίσκοπον

148 778 337 861 θρηνοῦντα
360 775 416 839 καὶ
438 780 496 859 βίᾳ
517 772 744 856 κρατούμενον.
788 776 842 839 καί
866 768 1081 858 ἀναγαγόντες
1103 769 1163 839 αῦ-

77 931 81 937 .
123 871 206 944 στὸν,
228 871 286 938 ἐπὶ
307 870 364 937 τόν
385 870 509 956 θρόνον
532 869 686 956 παραυτά
707 870 931 956 ἒνεθρόνισαν.
972 874 1029 956 τῆς
1044 873 1080 937 δέ
1094 873 1163 938 λει-

147 976 301 1054 τουργίας
328 970 563 1055 πληρωθείσης
589 970 642 1045 καὶ
669 971 728 1050 τοῦ
751 967 937 1034 ἐπισκόπου
959 963 1163 1054 ἀδημονοῦν-

146 1091 203 1144 τος
229 1065 285 1132 καὶ
305 1065 363 1153 τὴν
385 1066 432 1145 εἰς
455 1060 553 1132 αὐτόν
574 1072 746 1151 γενομένην
768 1072 843 1150 βίαν
866 1060 903 1130 οῦ
927 1071 1085 1152 φέροντος
1106 1070 1159 1132 καὶ

147 1163 353 1246 λυπουμένου
383 1163 515 1250 σφόδρα
543 1163 605 1251 ἔφη
636 1158 724 1249 αὐτῷ
754 1158 771 1229 ό
801 1158 894 1240 όσιυς
915 1162 1067 1242 Πάππος
1096 1163 1159 1249 ’μὴ

147 1263 264 1340 λυποῦ,
289 1255 411 1347 ἀδελφέ
424 1257 610 1348 Ἔπιφάνιε·
634 1264 716 1327 θεοῦ
731 1258 792 1345 γάρ
808 1255 1089 1345 ἆποκαλόψαντός
1103 1285 1163 1345 μοι

110 1357 391 1444 ίθκεχειρυτόνηκά
412 1363 474 1425 σε”.
504 1361 558 1424 καὶ
579 1360 683 1422 ταῦτα
705 1352 847 1436 ἀκούσας
870 1353 887 1423 ό
911 1354 1004 1442 ἀγιος
1022 1355 1164 1447 Ἑπιφά·

147 1480 216 1534 νιος
238 1455 496 1539 καταδεξάμενος
521 1451 682 1541 ἡσύχασεν
705 1452 898 1541 ἁμαρτωλὸν
916 1457 1022 1541 λέγων
1046 1456 1162 1524 ἑαυτὸν

145 1556 199 1621 καί
222 1547 356 1632 ἀνάξιον
378 1558 436 1619 τοῦ
459 1551 611 1618 τοιοῦτον
635 1553 739 1638 ζυγοῦ.

232 1657 283 1718 36.
337 1646 500 1732 Παραυτά
533 1650 569 1715 δὲ
603 1645 794 1735 Εῦδαίμονά
823 1676 900 1716 τινα
936 1656 1163 1736 χρεωστοῦντα

137 1743 269 1832 Ἕλληνί
289 1772 356 1814 τινι
377 1753 517 1832 Κυπρίῳ
540 1755 728 1830 νομίσματα
749 1747 777 1833 ρ’
802 1749 857 1814 καί
878 1751 1035 1834 σφοδρῶς
1059 1747 1164 1816 ἀπαι-

110 1856 136 1904 15
144 1849 302 1927 τσυμένυυ
323 1843 530 1929 κατελεήσας,
552 1844 697 1931 ἐκβαλὼν
717 1848 775 1931 τῆς
791 1846 961 1932 ἐκκλησίας
976 1856 1162 1932 νομίσματα

140 1939 172 2024 ’ρ’
200 1941 321 2006 δέδωκε
349 1940 387 2004 τὸ
415 1943 474 2005 τοῦ
495 1947 637 2030 πένητος
657 1948 765 2028 χρέος,
789 1947 843 2010 καὶ
866 1939 1029 2010 ἀπέλυσεν
1051 1941 1160 2010 αὐτόν.

144 2044 292 2122 Χαρῖνος
321 2038 356 2104 δὲ
379 2033 397 2103 ὁ
419 2039 564 2126 πονηρὸς
595 2040 745 2118 διάκονος
774 2041 933 2127 διήγειρεν
959 2040 1016 2106 τόν
1043 2043 1162 2128 κλῆρον

144 2131 211 2201 κατ’
243 2129 352 2200 αῦτοῦ.
397 2140 450 2202 καί
480 2133 628 2224 ἀπῄτουν
656 2137 698 2204 τὰ
719 2136 746 2221 ρ’
771 2144 976 2220 νομίσματα·
998 2139 1158 2222 παρεισά·

144 2259 221 2316 κτην
249 2234 396 2318 λέγοντες
422 2233 480 2300 τὸν
503 2231 596 2320 ἅγιον
615 2230 810 2322 Ἔπιφάνιυν
832 2236 886 2300 καὶ
908 2231 951 2299 τά
971 2238 1029 2321 τῆς
1051 2235 1163 2323 έκκλη-

106 2337 221 2408 modae
249 2331 492 2418 διαφθείροντα
523 2333 702 2419 πράγματα
730 2335 786 2398 καὶ
814 2332 926 2415 ἑτέρας
952 2328 1063 2417 ῦβρεις
1092 2330 1163 2400 ὑπὸ

145 2432 327 2515 κωμῳδίας.
342 2430 496 2516 λέγοντας
518 2425 607 2517 αὐτῷ,
629 2430 740 2498 πάντα
761 2425 925 2518 ἀπέφερεν
947 2439 1111 2514 γενναίιυς,
1143 2430 1162 2497 ό

145 2520 181 2590 δὲ
204 2525 446 2609 ἐλευθερωθεὶς
467 2527 501 2593 dn
522 2532 580 2594 τοῦ
603 2529 735 2595 δανείου
756 2527 840 2612 μετὰ
859 2526 973 2612 καιρόν
996 2528 1106 2594 ἐλθών
1129 2529 1163 2595 ἐκ

232 2752 258 2806 5.
293 2745 502 2827 ἓνεθρόνισαν]
534 2748 740 2832 ἕνεθρόνησαν
766 2757 799 2812 Η.
930 2758 957 2811 9.
987 2747 1158 2834 Ἐπιφάνιε]

198 2835 271 2891 dddit
285 2835 327 2901 Η.,
351 2837 428 2908 quasi
450 2837 549 2910 aliquid
570 2841 596 2895 in
620 2841 740 2913 margine
762 2842 861 2896 addere
883 2840 998 2896 voluerit
1019 2840 1159 2898 librarius:

38 2978 44 2988 ,
145 2919 194 2976 sed
215 2920 282 2977 nihil
303 2921 413 2977 addidit.
537 2928 583 2982 13.
605 2917 797 2997 Εὐδαίμονα]
828 2925 877 2981 Hic
899 2917 1073 2998 Εῦγναίμων
1091 2929 1163 2984 diei-

145 3015 191 3061 tur
205 3008 233 3061 in
247 3005 305 3061 Vita
320 3008 467 3080 p.41,26.
558 3013 665 3082 1415.
689 3008 863 3084 νομίσματα
879 3005 917 3088 ρ’]
941 3009 1040 3086 dudd
1061 3012 1093 3069 H.

145 3082 379 3164 ἀπαιτουμένου]
411 3083 624 3166 ἀπαιτουμὲνω
647 3095 679 3150 Η.
786 3099 830 3154 18.
853 3092 1069 3173 παρεισόκτην]
1094 3099 1158 3163 Hoc,

102 3244 104 3247 .
145 3176 196 3232 nisi
219 3194 250 3233 ex
272 3176 364 3231 codice
381 3176 454 3231 Vitae
476 3177 623 3252 integriore
646 3189 764 3235 sumtum
782 3190 832 3246 est,
855 3182 1023 3254 Epitomator
1038 3184 1096 3257 ipse
1112 3184 1162 3239 ad-

145 3261 220 3316 didit.
251 3261 428 3317 scribendum
451 3271 540 3317 autem
563 3259 782 3341 παρείσακτον.·
805 3283 859 3340 quo
882 3269 1010 3333 convicio,
1035 3277 1066 3324 ut
1086 3286 1160 3325 συν-

145 3340 292 3417 είσακτος,
316 3363 398 3419 saepe
419 3346 541 3403 σείουσι
556 3349 713 3405 inferiorum
730 3360 881 3424 temporum
898 3353 1055 3426 scriptores,
1078 3370 1160 3426 prae-

146 3438 228 3486 eunte
242 3431 326 3487 Ρνιιίο
341 3431 426 3504 Epist.
449 3431 484 3487 ad
498 3432 582 3490 Galat.
600 3437 628 3500 2,
642 3439 669 3500 4,
693 3436 740 3509 qui
750 3430 973 3512 παρεισάκτους
986 3431 1161 3513 ψευδαδέλ-

146 3530 224 3590 φους
246 3515 318 3571 dixit.
417 3519 466 3574 20.
489 3513 724 3599 διαφθείροντα]
756 3515 978 3600 διασκορπίζων
999 3523 1063 3580 dixit
1085 3522 1159 3577 Vitae

146 3599 263 3672 scriptor
284 3618 311 3672 p.
329 3603 378 3665 42,
392 3604 426 3660 18
445 3611 472 3657 εί
490 3605 538 3660 31.
