2534 4154
471 311 583 361 aeteva
605 310 778 360 castratio.
1040 311 1133 365 LXXXV

124 465 254 521 calumniis
283 465 400 521 obiiciat.
439 466 511 522 ,Vicit
533 465 706 522 nihilominus
729 465 844 538 privatas
865 464 983 520 rationes
1007 461 1076 535 heae
1099 463 1132 518 de

121 558 142 606 te
165 551 315 619 (Gathohee
337 550 434 620 lector)
463 551 551 622 deque
574 551 708 606 Ecclesiae
737 567 831 606 caussa
859 549 979 604 merendi
1003 549 1131 603 stadium.
1166 584 1174 596 ,

120 635 181 691 Vicit
203 654 297 700 novae,
322 637 372 691 iarn
395 636 497 708 pridem
521 654 535 690 a
558 654 600 690 mc
623 636 683 690 data
706 635 772 691 fides
796 634 930 696 editionis,
954 652 984 688 ac
1006 633 1132 706 promissi

116 721 219 793 religio.
250 721 315 776 Nam
338 731 365 776 et
389 730 442 784 tna,
466 731 546 793 atque
569 721 703 776 Ecclesiae
727 721 877 776 commanis
900 721 1038 783 intererat,
1063 738 1132 792 opas

115 806 192 868 illud,
224 808 297 880 quod
326 806 358 861 ad
382 806 520 860 diluendas
543 805 674 860 Haereses
698 824 711 861 a
735 807 890 877 gravissimo
915 815 943 860 et
964 806 1132 860 sanctissimo

115 891 192 946 Patre
218 891 326 946 Graecis
350 900 391 946 est
415 892 525 955 editum,
549 890 698 966 quemlibet
720 891 810 963 potius
834 892 1008 962 interpretem
1032 890 1133 962 habere

103 993 193 1049 =qnam
218 975 398 1040 Haereticam,
423 985 450 1032 ct
472 977 503 1030 ad
527 976 643 1031 recentis
663 975 788 1030 editionis
804 977 975 1048 splendorem
992 976 1131 1039 attinebat,

114 1060 285 1117 commodius
295 1061 440 1134 aliquanto,
464 1062 552 1116 minus
565 1069 638 1116 certe
651 1060 763 1115 barbare
781 1071 808 1116 et
823 1061 960 1133 inquinate
975 1061 1133 1132 loquentem

115 1147 304 1219 Epiphaniam,
327 1147 427 1200 Latinis
450 1146 560 1201 auribus
584 1164 638 1200 non
654 1157 782 1218 suspecto
799 1146 831 1200 ab
854 1146 968 1200 atdltore
992 1146 1132 1200 committi.

198 1230 289 1286 Habes
313 1248 381 1303 qnae
403 1231 468 1286 mihi
491 1248 601 1286 caussae
624 1230 756 1286 tarditatis
773 1231 886 1296 luerint;
911 1248 1045 1302 cognosce
1062 1248 1134 1286 ticine

116 1325 232 1371 caetera.
263 1316 443 1388 Epiphaniam
467 1316 514 1371 tibi
538 1316 632 1370 damus
655 1316 760 1389 integra
777 1317 891 1388 primam
907 1315 959 1370 fide
974 1333 1006 1370 ex
1021 1317 1154 1372 vetastis
1184 1323 1187 1331 '

117 1400 264 1463 codicibus,
288 1401 378 1474 quoad
399 1401 484 1463 licuit,
511 1401 669 1474 castigatam
694 1419 724 1456 ae
747 1401 920 1456 recensitum.
944 1399 1045 1455 lloram
1059 1401 1134 1472 prin-

117 1503 177 1558 ceps
202 1486 347 1541 Vaticanus
369 1486 434 1549 snit,
465 1487 542 1542 cuias
565 1487 682 1542 diversas
706 1487 835 1542 lectiones
858 1487 957 1541 Ronrae
981 1485 1044 1540 olim
1067 1502 1081 1540 a
1105 1503 1133 1540 se

117 1571 243 1627 collectas
258 1571 290 1624 R.
306 1571 336 1626 P.
348 1572 468 1626 Andreas
484 1563 623 1636 schottus,
647 1572 704 1644 pari
726 1573 766 1626 vir
787 1571 1050 1643 humanitatemque
1070 1587 1135 1624 cru·
1195 1619 1197 1623 ,

117 1655 217 1711 ditione
230 1656 377 1728 praeditae,
400 1656 433 1711 ad
455 1674 497 1711 me
520 1665 617 1729 sponte
639 1658 720 1712 misit.
749 1658 786 1712 En
809 1675 862 1729 epm
886 1655 1019 1728 permulta
1042 1663 1135 1710 sunta

119 1740 193 1796 nobis
218 1751 373 1814 opportune
395 1742 529 1796 restituta.
568 1742 688 1797 Accessit
711 1759 743 1797 ca
764 1742 928 1797 Bibliotheca
952 1741 1032 1812 Regis
1057 1740 1135 1795 Chri-

118 1825 272 1881 stianissimi
302 1826 478 1899 depromptas
507 1826 588 1890 alter,
619 1844 736 1898 quocum
760 1828 938 1883 basileensem
961 1827 1012 1899 ipsi
1036 1835 1135 1881 conta-

118 1911 204 1966 limus.
236 1911 274 1965 Ex
296 1911 437 1967 amborum
459 1913 632 1975 authoritate,
657 1912 679 1966 si
702 1912 765 1984 qaid
781 1913 806 1967 in
824 1921 952 1967 contenta
969 1913 1027 1984 ipse
1046 1921 1136 1966 mata-

119 2005 172 2050 tum
196 1997 334 2068 reperies,
359 1997 427 2052 scito
450 2014 511 2052 esse
533 1997 694 2069 prolectam.
738 1998 864 2072 Reliqua,
894 2015 964 2071 qaaae
988 2014 1019 2051 ca
1038 1998 1134 2052 indicio

119 2082 260 2136 emendare
282 2082 358 2137 laeile
380 2082 528 2155 potuimus,
552 2090 614 2137 utut
637 2091 713 2137 crant
735 2084 762 2138 in
780 2083 935 2146 basileensi,
960 2082 1133 2154 reliquimus:

118 2174 197 2240 atque
228 2166 260 2221 ad
283 2184 357 2222 oram
380 2167 437 2221 lere
460 2171 617 2239 paginarum
640 2169 823 2223 coniecturam
847 2178 966 2223 nostram
990 2167 1136 2238 adscripsi-

118 2268 185 2315 mus,
210 2253 341 2322 quaedam
364 2252 391 2306 io
414 2252 657 2308 animadversiones
680 2254 854 2308 coniecimas.
885 2253 949 2307 Naar
967 2261 993 2307 et
1010 2251 1135 2306 hnirnad-

119 2335 287 2391 versionibus
310 2337 427 2400 nostris,
457 2335 509 2392 hoc
532 2348 573 2393 est
596 2337 763 2410 plenioribus
786 2338 874 2401 notis,
898 2355 929 2392 ae
951 2355 1036 2409 prope
1059 2353 1135 2395 cont-

84 2445 88 2460 ·
118 2421 265 2485 memoriis,
289 2421 468 2494 Epiphaniam
491 2422 664 2477 illustriorem
683 2422 857 2478 reddidimus.
888 2423 917 2476 ln
934 2421 1031 2494 quibus
1048 2438 1136 2493 quan-

119 2514 172 2560 tum
203 2522 218 2559 a
246 2524 289 2561 me
318 2507 353 2562 sit
382 2506 564 2571 elaboratum,
595 2515 725 2581 qnantum
755 2526 786 2562 ea
809 2506 964 2562 melioribus
988 2506 1135 2560 derivatum

118 2589 224 2653 stadiis,
249 2608 280 2646 ea
303 2592 391 2665 reipsa
414 2593 516 2648 facilins
540 2608 619 2665 qaam
643 2609 701 2647 mea
725 2593 848 2648 oratione
871 2592 1027 2665 perspicies
1069 2591 1136 2646 lllad

117 2675 225 2747 quidem
253 2677 447 2748 providendum
476 2677 614 2742 duximus,
650 2687 681 2733 ut
709 2696 743 2732 ne
766 2677 855 2732 aridae
878 2696 908 2733 ac
930 2678 1035 2734 ieiunae
1058 2677 1135 2732 nimis

117 2769 225 2825 essent,
255 2770 283 2816 ct
311 2763 441 2817 variarum
470 2763 617 2818 lectionum
647 2763 727 2818 exiles
758 2765 888 2836 quaedam
917 2773 1012 2819 notae:
1043 2764 1089 2820 sed
1113 2762 1135 2817 si

116 2844 190 2918 quod
213 2845 324 2901 nherins
347 2848 417 2919 apud
440 2848 618 2920 Epiphaniam
642 2858 715 2905 esset
737 2858 936 2921 argumentum,
961 2850 982 2904 si
1000 2866 1050 2921 qna
1068 2866 1136 2920 pau-

116 2929 201 2984 lulum
224 2930 336 3005 insignis
360 2933 498 3004 quaestio,
522 2935 599 2988 onitas
622 2934 764 2989 difficultas
788 2952 848 2989 cum
874 2935 986 2989 utilitate
1009 2943 1133 2995 certaret,

116 3032 148 3071 ea
172 3032 221 3070 nos
244 3034 294 3088 pro
317 3034 369 3071 usa
402 3028 536 3091 captuque
561 3029 655 3075 nostro
678 3019 789 3074 liberius
813 3037 843 3074 ac
867 3019 988 3074 dillasins
1012 3016 1136 3073 tractavi-

116 3117 187 3154 mus.
234 3101 292 3169 Quo
322 3102 348 3156 in
378 3120 477 3175 genere
505 3104 587 3159 ntnlta
616 3104 780 3159 illic-habes
811 3105 842 3158 de
865 3104 963 3159 Natalis
988 3101 1085 3156 Christi
1109 3108 1135 3154 et

116 3185 255 3241 Passionis
271 3204 342 3240 anno
365 3204 395 3242 ao
418 3188 475 3242 dic:
500 3190 532 3243 de
549 3189 671 3244 Pascholi
694 3206 796 3251 inerrse,
821 3190 853 3244 de
868 3188 1027 3242 laniacoram
1045 3184 1133 3256 Cyclo,

116 3270 149 3325 dc
179 3271 290 3346 antiquo
315 3272 499 3327 poenitentiae
528 3273 596 3337 rita,
627 3273 659 3327 ‹le
683 3273 821 3328 Sirmiensi
851 3281 878 3326 et
899 3275 1039 3344 Ancyraao
1064 3271 1136 3323 Eon-

116 3354 200 3420 ciliis,
231 3358 264 3411 de
292 3357 429 3412 troannllis
452 3358 550 3412 veteris
573 3358 708 3413 Ecclesiae
731 3355 868 3420 moribus,
899 3357 930 3410 de
953 3357 1134 3410 britannorum

115 3441 243 3514 lmperat.
276 3443 464 3514 Clnonologia,
490 3450 515 3497 et
538 3442 563 3497 id
586 3461 672 3516 genus
695 3442 751 3496 aliis
775 3440 913 3512 explicata.
947 3442 1019 3508 Quae
1035 3441 1055 3495 si
1074 3441 1135 3495 lcta-

114 3525 192 3598 giora
217 3527 388 3590 aidelmatar,
412 3528 482 3591 lieet,
507 3527 733 3600 disputationibus
758 3526 820 3579 iiseo
837 3526 997 3597 praeteritis,
1022 3543 1134 3598 [pataram

115 3611 218 3668 iccirco
242 3612 349 3667 titulant
373 3615 529 3685 paginarum
547 3612 627 3668 initiis
644 3610 857 3702 adscripsimuss
870 3628 899 3666 ea
916 3611 1041 3684 deligere,
1066 3629 1135 3686 qnae
