2534 4154
471 300 761 367 nntninvcusmnns.
1067 302 1129 367 309

107 490 166 529 non
187 473 333 528 celebrari.
364 473 394 527 ln
416 471 608 529 Mediolanensi
629 472 747 528 Ecclesia
765 472 884 548 quotidie
901 472 1060 529 sacrificium
1077 475 1130 530 ob·

107 558 192 613 latum
215 575 246 613 ex
268 556 410 613 Ambrosio
433 566 549 622 constat,
572 557 619 630 qui
641 556 728 613 Serm.
747 560 785 616 34
808 558 845 614 ita
867 554 1003 632 loquitur:
1026 557 1129 616 Moneo

109 644 205 707 etiam,
234 651 265 697 nt
286 643 335 714 qni
354 643 437 698 iente
458 642 615 699 Ecclesiam
637 649 678 697 eat
700 649 726 697 et
746 644 808 699 eine
828 644 917 714 pravi
932 643 1128 716 impedimento

105 734 206 800 potest,
230 728 353 799 qnotidie
375 729 475 782 audiat
496 726 623 791 Missam,
648 735 674 782 et
696 729 743 799 qni
761 736 868 801 potest,
891 730 969 784 omni
987 737 1068 784 nocte
1090 731 1130 785 cd

107 813 275 868 matutinam
295 813 400 867 veniat.
430 812 463 868 Et
485 812 565 885 paulo
588 820 665 885 post:
689 812 724 866 ln
745 815 963 886 quadragesimo
985 830 1051 869 oeno
1069 830 1129 870 mo-

107 914 161 952 neo
182 905 213 951 nt
235 898 280 952 die
302 898 385 961 omni,
418 899 597 962 ontaoltem,
621 905 652 952 nt
673 898 741 963 dimi,
764 898 928 964 Dominicc,
952 899 1080 970 offeratis
1101 906 1129 955 et

108 983 322 1038 communicetis.
362 980 438 1038 Varie
460 982 545 1055 igitur
566 981 710 1038 admodum
731 1000 782 1056 per
803 983 935 1039 Ecclesias
958 984 1128 1041 consuetudo

108 1067 168 1122 suit.
198 1066 257 1122 Non
279 1067 313 1123 tle
335 1067 523 1123 vetustissimis
545 1067 730 1140 temporibus,
754 1069 841 1141 deque
865 1068 1046 1125 Orientalibus
1069 1087 1129 1126 ma-

108 1153 187 1216 xime,
211 1169 280 1226 quae
302 1152 425 1215 diximus,
452 1152 566 1225 intelligi
587 1152 720 1208 volumus,

194 1228 231 1291 En
259 1236 304 1292 illo
332 1254 395 1293 vero
422 1246 564 1310 postremo
585 1236 719 1293 Ambrosii
746 1237 807 1292 loco
839 1236 926 1311 liquet
954 1237 1128 1296 falsissimum
1203 1229 1206 1236 ’

109 1338 178 1385 esse,
203 1322 275 1394 quod
291 1319 438 1378 Haereticis
461 1321 622 1395 quibusdam
644 1321 755 1377 nimium
779 1321 876 1377 stolide
891 1338 1051 1395 persuasum
1067 1340 1128 1380 esse

107 1406 201 1472 video,
231 1422 369 1479 nunquam
391 1407 418 1462 in
441 1415 532 1463 vetere
554 1407 674 1463 Ecclesia
697 1407 803 1462 llissam
826 1407 943 1462 auditam
966 1424 980 1462 a
1002 1406 1128 1464 lidelibus

108 1509 178 1556 esse,
202 1493 266 1564 quin
289 1507 342 1546 una
365 1491 604 1548 communicarent.
635 1491 694 1560 Quo
710 1492 736 1547 in
753 1508 847 1547 errore
861 1508 927 1547 sane
942 1491 1127 1565 stupidissima

107 1586 231 1632 versatur
261 1576 436 1632 Gasaubonus
465 1576 579 1631 Exercit.
600 1578 635 1632 16
665 1576 699 1632 ad
725 1578 795 1632 Airn.
825 1576 920 1632 Batou.
945 1593 971 1632 n.
991 1579 1039 1634 58.
1083 1578 1126 1644 Et,

108 1661 181 1735 quod
205 1661 301 1716 mirum
324 1670 375 1726 est,
399 1662 473 1717 hunc
494 1661 583 1734 ipsum
598 1660 734 1717 Ambrosii
756 1661 846 1717 locum
869 1661 943 1726 citat,
966 1678 1016 1717 nec
1032 1662 1129 1719 adver·
1183 1676 1188 1682 ’

107 1746 141 1802 tit
163 1746 288 1811 eundern,
312 1762 373 1802 cum
396 1746 516 1819 quotidie
539 1745 631 1801 llissas
655 1746 756 1811 audire,
779 1747 808 1801 in
830 1746 1033 1821 quadragesima
1053 1763 1127 1811 vero,
1190 1814 1192 1820 ἲ

108 1831 131 1886 si
153 1830 212 1886 fieri
234 1838 335 1904 potest,
359 1831 439 1887 etiam
458 1830 657 1886 communicare
672 1829 773 1895 iubeat,
797 1831 862 1887 satis
876 1831 1000 1896 innuere,
1022 1847 1129 1905 nequa-

108 1933 188 1990 quam
212 1915 347 1988 quotidie,
377 1915 491 1971 cacteris
514 1914 609 1970 saltem
631 1923 741 1989 praeter
763 1915 999 1989 Quadragesimam
1022 1917 1126 1982 diebus,

53 2003 55 2007 ’
107 2000 335 2056 communicatum
357 2000 449 2056 luisse.
493 2001 572 2074 Apud
593 2000 739 2056 Eusebium
762 2000 905 2066 Histon‘l,
923 2002 991 2059 9in
1015 2002 1129 2058 historia

107 2085 262 2149 cuiusdam,
286 2085 331 2158 qui
354 2085 387 2141 ab
410 2084 557 2142 Haereticis
580 2085 744 2188 baptismpm
766 2094 922 2159 acceperat,
952 2086 988 2141 ita
1010 2087 1126 2160 legitur

108 2163 303 2273 εὐχαριστίας
328 2163 388 2247 γὰρ
417 2164 631 2228 ἐπακούσαντα
661 2166 712 2226 καὶ
746 2165 1067 2273 ρυντπτφθεγξάμτνον
1091 2165 1128 2229 τὸ

108 2247 205 2330 ἀμὴν,
236 2251 286 2310 καὶ
314 2249 447 2334 τραπέζῃ
476 2248 678 2332 παραστάντα
706 2251 756 2310 καὶ
780 2257 889 2332 χεῖρας
910 2251 953 2321 εἷς
971 2248 1149 2330 ὑποδοχὴν

106 2342 163 2415 τῆς
192 2332 282 2416 ἁγίας
307 2343 426 2417 τροφῆς
452 2336 650 2419 προτείνοντα
672 2349 723 2396 etc.
770 2339 946 2396 Casau'honus
973 2350 1004 2396 ut
1026 2343 1128 2396 andire

106 2426 223 2481 missam
244 2426 315 2481 idem
339 2442 399 2481 esse
422 2425 495 2498 quod
517 2427 722 2480 communicare
744 2425 895 2488 confirmet,
923 2425 996 2481 hunc
1017 2424 1128 2482 Eusebii

107 2511 199 2566 locum
222 2511 308 2575 affert,
333 2527 387 2583 quo
409 2510 476 2566 nihil
498 2518 541 2566 est
563 2510 687 2565 alienius.
717 2509 782 2564 Nam
806 2526 838 2564 eu
861 2509 985 2608 οαάαῐρ
977 2526 1038 2582 ipso
1061 2527 1129 2612 prp-

106 2595 197 2659 batur,
221 2595 356 2652 diversum
378 2613 408 2651 ac
430 2595 587 2651 distinctum
610 2611 670 2650 esse
692 2589 851 2667 quiddam
837 2610 995 2649 emanavere
1009 2596 1063 2668 τῆς
1076 2588 1128 2650 eel-

104 2678 268 2758 χαριστίας
290 2688 317 2736 et
336 2681 416 2752 parti
417 2681 514 2752 cipere
535 2680 681 2735 dominice
703 2681 825 2750 corpori,
848 2678 967 2751 quamvis
990 2677 1044 2735 dno
1059 2681 1128 2736 haec

107 2774 166 2820 tum
188 2764 221 2820 ab
244 2764 290 2820 illo
312 2755 442 2838 praestita
462 2764 572 2820 luerim.
603 2765 632 2820 ln
651 2763 799 2836 Agatbensi
819 2779 884 2818 vero
901 2762 1030 2828 Concilio,
1053 2765 1128 2839 quod

108 2866 140 2905 ex
163 2849 289 2905 Gratiano
312 2850 377 2906 citat
399 2850 447 2905 Cas
450 2849 583 2913 aubonus,
606 2857 711 2904 tantum
734 2847 826 2913 abest,
852 2857 881 2903 ut
903 2847 1003 2920 aliquid
1026 2848 1058 2903 ad
1077 2863 1128 2905 er-

106 2951 198 2990 rorem
220 2934 295 2990 illum
318 2934 511 2990 sublevandum
534 2935 672 2990 decretum
696 2934 784 2997 luerit,
810 2943 840 2988 ut
855 2931 1020 2988 contrarium
1035 2933 1127 3005 potius

106 3019 249 3075 manifeste
272 3018 361 3092 colligi
384 3020 479 3092 possit.
510 3019 614 3074 Etenim
632 3017 696 3073 Can.
710 3021 749 3074 47
765 3019 859 3073 Patres
882 3018 918 3073 ita
940 3017 1126 3091 praecipiunt:

106 3103 213 3160 Missas
235 3105 280 3160 die
295 3103 444 3160 Dmninico
465 3104 664 3159 soecularibus
687 3111 780 3158 tenere
794 3102 915 3175 speciali
928 3102 1029 3157 ordine
1040 3110 1129 3175 pree·

107 3190 233 3263 cipimus,
255 3189 299 3244 ito
320 3196 352 3243 nt
372 3197 438 3244 ante
460 3190 677 3245 benedictionem
697 3188 852 3243 sacerdotis
872 3188 986 3259 remedi
1002 3188 1129 3260 popolus

106 3290 164 3329 non
182 3281 357 3346 praesumat.
371 3276 374 3283 ’
390 3274 454 3342 (lui
468 3275 494 3329 si
514 3274 641 3346 fecerint,
665 3276 701 3329 ab
716 3273 859 3344 Episcopo
877 3273 992 3345 pitbliee
1009 3272 1128 3342 conson-

107 3361 220 3414 αππιαν.
265 3358 353 3433 Atqui
370 3358 433 3415 Can.
448 3362 482 3417 18
505 3359 541 3414 ita
564 3360 672 3414 statuit:
696 3357 880 3422 Saeculares,
901 3358 952 3430 qni
972 3358 1004 3412 in
1025 3355 1129 3413 Natali

109 3442 235 3509 Domini,
264 3444 391 3509 Pascite,
420 3436 581 3499 Pentecoste
603 3462 660 3499 nnn
682 3443 960 3506 communicaverint,
991 3442 1128 3498 Catholici

106 3545 165 3584 non
192 3531 358 3595 credantur,
386 3546 437 3584 nec
463 3530 538 3583 inter
561 3528 720 3585 Gatlmticoe
748 3529 916 3584 habeantne.
962 3526 1010 3583 llic
1040 3527 1127 3583 tribus

107 3614 237 3672 duntaxat
264 3613 359 3671 diebus
388 3614 532 3688 quotannis
560 3612 655 3670 fideles
677 3613 710 3672 ad
733 3614 950 3670 communionem
973 3613 1127 3686 compellite
