2534 4154
319 1116 849 1243 ‚ratartrto

468 1318 499 1367 G.
524 1318 758 1369 DINDORFII.

192 1705 329 1808 Dionysii
344 1735 444 1792 Patavii
466 1737 492 1792 in
508 1737 650 1810 Epiplranii
673 1754 754 1812 opera
770 1739 830 1803 tria,
855 1736 1006 1801 Panarium,
1030 1737 1121 1792 Anco·

103 1842 193 1888 ratum
223 1843 250 1888 et
276 1832 375 1888 librum
398 1834 431 1889 de
451 1816 587 1890 mensuris
611 1843 638 1890 et
659 1835 841 1909 ponderibuS,
872 1834 1121 1890 Anirnadversiones

104 1932 156 1986 etsi
178 1948 238 1986 nec·
251 1930 372 2002 priorum
395 1940 547 2005 temporum
570 1932 632 1988 viris
656 1933 742 1989 doctis
764 1931 943 1988 satisfecerint
965 1950 1053 2005 neque
1069 1933 1122 1987 ho-

104 2029 149 2083 die
171 2028 295 2099 cuiquam
318 2028 372 2083 sint
394 2029 593 2094 satisfacturus,
621 2031 738 2103 amplum
760 2039 851 2086 tamen
874 2029 1014 2085 continent
1035 2029 1122 2084 variae

104 2125 247 2181 doctrinae
273 2134 447 2197 apparatum,
476 2124 648 2182 utilissimum
676 2126 797 2183 futurum
825 2126 887 2181 viris
918 2127 1003 2182 doctis
1027 2126 1120 2199 quiin

104 2221 265 2278 illustrando
293 2221 346 2278 hoc
375 2223 508 2296 scriptore
531 2222 637 2297 dignam
660 2234 754 2280 nostra
776 2231 864 2280 aetate
887 2239 996 2296 operam
1018 2238 1122 2296 ponere

104 2320 211 2375 volent:
246 2319 318 2394 quod
347 2336 420 2375 nunc
448 2328 522 2375 testu
551 2321 583 2376 aul
612 2321 754 2377 certiorem
782 2321 904 2377 codicum
934 2321 1122 2376 auctoritatem

104 2423 232 2472 revocato
261 2415 363 2471 facilius
392 2423 419 2471 et
441 2417 553 2472 meliore
577 2432 655 2490 quarn
678 2427 756 2473 antea
779 2433 908 2472 successu
930 2415 988 2472 fieri
1008 2414 1120 2490 poterit.

104 2515 183 2584 Quod
207 2511 349 2569 consilium
379 2531 462 2587 quum
489 2513 621 2570 incertum
647 2515 682 2570 sit
710 2532 764 2587 quo
791 2522 914 2586 tempore
941 2509 1064 2570 eventurn
1087 2515 1122 2570 sit

104 2611 277 2676 habiturum,
307 2610 415 2666 interim
445 2611 543 2666 Patavii
576 2611 825 2668 Animadversiones
848 2612 911 2667 huic
934 2612 1044 2667 editioni
1073 2611 1123 2668 ati*

104 2710 219 2781 iungere
240 2707 350 2780 placuit,
374 2709 503 2780 repetitas
527 2709 664 2782 exipsius
687 2709 787 2765 Petavii
811 2707 938 2773 editione,
961 2726 1030 2782 quae
1045 2694 1122 2764 Pariss

104 2806 154 2863 siis
173 2803 274 2878 prodiit
296 2805 427 2871 attat,
456 2822 511 2860 non
534 2823 565 2861 ex
588 2806 742 2862 Coloniensi
764 2807 819 2862 sive
841 2806 972 2879 Lipsiensi
995 2823 1018 2861 a.
1033 2807 1120 2872 1682,

105 2919 176 2977 quae
198 2901 299 2975 pariter
326 2910 409 2975 atque
429 2902 496 2958 aliae
517 2903 680 2976 scriptorum
703 2912 823 2959 veterum
847 2902 978 2959 editiones
1002 2903 1121 2959 eiusdem

105 3000 230 3057 officinae
251 2998 383 3072 flagitiosa
406 3000 538 3072 impressa
566 3007 607 3055 est
631 2999 810 3073 negligentia,
839 3000 935 3073 partim
965 2999 1122 3074 typotheta-

106 3114 167 3152 rum
188 3096 285 3170 partim
308 3096 494 3169 imperitorum
516 3106 702 3152 correctorum
725 3097 812 3170 culpa.

193 3194 260 3249 Octo
282 3193 426 3266 ampliores
449 3193 482 3249 de
504 3194 582 3250 variis
604 3194 769 3268 argumentis
793 3194 932 3256 Diatribas,
957 3178 1022 3264 quas
1040 3191 1122 3246 Pota-

106 3291 165 3346 vius
179 3290 461 3346 Animadversionibus
484 3291 539 3346 suis
562 3292 685 3357 inseruit,
709 3309 768 3356 nos,
793 3308 827 3346 ne
849 3289 1052 3345 annotationum
1076 3307 1122 3344 se-

107 3389 161 3444 ries
182 3387 352 3444 incommode
374 3388 626 3461 interrumperetur,
650 3398 787 3462 separatas
809 3387 994 3443 exhibebimus
1016 3387 1042 3441 in
1065 3389 1123 3458 Ap·
1169 3434 1170 3437 ,

107 3485 221 3558 pendice
244 3501 305 3541 cum
328 3484 460 3541 indicibus
476 3485 587 3558 aliisque
603 3485 803 3542 accessionibus
819 3484 964 3539 nonnullis.
994 3483 1122 3538 Animad-

106 3583 245 3639 versiones
272 3581 306 3637 acl
333 3581 431 3637 librum
459 3583 492 3637 de
520 3583 654 3638 mensuris
678 3592 705 3638 ct
726 3581 892 3656 ponderibus
915 3581 947 3637 ab
971 3582 1024 3637 hoc
1045 3581 1122 3635 volu-

930 3678 972 3728 Α*

1136 2922 1140 2951 l
