2534 4154
154 333 192 375 ΚΧ
330 343 334 349 ’
508 328 596 377 111οΣ
612 327 821 377 Mamm.

153 478 279 562 ἐμεινεν
301 477 421 561 νεκρός.
454 473 471 542 ό
496 479 530 544 δὲ
552 481 610 542 τοῦ
632 480 716 544 θεοῦ
738 476 880 594 μιμητὴς
902 479 956 543 καὶ
977 471 1119 561 μέγας
1101 502 1178 560 αρι-

153 575 249 653 στεὺς
266 571 494 674 Ἐπιφάνιος
482 579 598 641 τοῆτον
621 574 784 662 κρατήσας
805 570 878 660 ὑγιῆ
894 577 1096 661 παραχρῆμα
1111 600 1176 641 πε

152 679 233 738 ποίκ
215 698 300 754 ηκεν.
335 677 433 756 τοῦτο
456 662 514 738 οὐν
531 676 661 790 γνοῦσα
678 669 697 759 ῆ
720 671 804 790 γυνῆ
825 672 1106 739 Φυυστινιανού
1092 670 1173 758 η’γα

152 795 206 855 γεν
225 773 277 856 τῷ·
297 765 418 856 ἁγίῳ(
402 773 485 854 υπέρ
507 773 565 856 τῆς
588 765 680 856 εὐχῆς
702 766 804 836 αὐτοῦ
826 777 1014 853 νομίσματα
1034 771 1133 850 χί.λια

125 886 144 936 ο
237 874 372 936 43-52.
402 863 580 934 Ἀπελθιὺν
603 868 675 934 δὲ’
661 895 695 935 εν
707 864 848 954 Ῥώμηί
832 893 850 933 ο
874 865 967 953 άγιος
978 863 1177 955 Επιφάνιος

153 960 193 1030 δι’
219 961 312 1052 εὐχῆς
334 965 451 1032 ἰάσατο
474 964 512 1030 τό
535 966 652 1045 πάθος
673 969 731 1054 τῆς
752 960 899 1053 ἀδελφῆς
919 968 986 1032 τῶν
1008 966 1175 1050 βασιλέων

147 1056 325 1149 Ἀρκαδίου
353 1068 407 1130 καὶ
427 1059 600 1148 Ὁνωρίου,
628 1063 761 1130 καὶτὸν
784 1061 856 1130 υἱὸν
880 1058 979 1151 αὐτῆς
1000 1065 1173 1129 τεθνεῶτα

151 1155 344 1245 άνέστησεν·
378 1166 431 1230 καί
465 1165 504 1248 τῆ
538 1161 705 1247 ἐπιτροπῇ
738 1165 796 1226 τοῦ
826 1161 1013 1228 ἐπισκόπου
1038 1155 1172 1245 Ῥώμης,

150 1258 288 1337 τούτους
314 1260 478 1344 βαπτίζει.
522 1261 575 1324 καὶ
599 1258 709 1325 πολλὰ
730 1258 936 1343 νουθετήσας
957 1262 1010 1325 καλ
1033 1257 1172 1344 κατηχῆῃ

109 1374 213 1436 εοσας
233 1358 291 1424 τὸν
313 1357 410 1442 λόγον
431 1360 490 1443 τῆς
512 1351 679 1441 εὐσεβείας
705 1359 838 1442 καὶτῆς
857 1356 1000 1440 χάριτος,
1025 1351 1066 1421 δι’
1091 1352 1171 1442 ῆμεφ

81 1522 85 1530 ,
150 1457 216 1540 ρῶν
238 1454 270 1539 μ’
294 1455 352 1542 τῆν
375 1455 513 1538 Κάπρον
535 1455 720 1539 κατέλαβεν.

235 1559 285 1620 53.
310 1561 359 1620 54.
390 1555 507 1636 Λιμοῦ
530 1547 625 1630 ὄντος
646 1548 788 1635 μεγάλου
811 1552 904 1629 ποτέ,
928 1552 1058 1616 καὶτοῦ
1076 1557 1170 1616 Φαυ-

143 1652 318 1718 στινιανσύ
347 1649 478 1732 ἔχοντες
505 1643 683 1734 άποθῆκας
710 1648 973 1734 πεπληρωμένας
997 1654 1092 1713 σίτου
1115 1650 1173 1714 καὶ.

149 1750 283 1832 κριθῆς,
311 1750 365 1812 καὶ
386 1748 488 1833 μηδὲν
510 1757 582 1824 τοῖς
604 1759 750 1829 πτωχοῖς
773 1744 937 1824 διδόντος,
967 1743 985 1810 ὁ
1009 1741 1103 1831 άγιος
1124 1741 1171 1824 ιῦς

107 1840 208 1910 mire
240 1842 350 1930 πατὴρ
383 1841 606 1929 εὐσπλαγχνος
639 1844 810 1910 ἐνουθέτει
846 1837 945 1909 αὐτόν
981 1841 1026 1930 μὴ
1064 1839 1171 1922 οὕτως

147 1938 359 2024 άσπλαγχνον
388 1936 487 2007 αὐτὸν
510 1937 670 2008 εἶναικαὶ
694 1936 907 2023 άμετάδοτον.
948 1944 1007 2006 τοῦ
1030 1942 1067 2007 δὲ
1088 1935 1165 2023 άμε-

146 2044 332 2124 τατρέπτου
354 2043 511 2120 μένοντος
532 2041 585 2104 καὶ
608 2042 667 2105 τοῦ
690 2039 772 2104 λαοῦ
795 2035 862 2104 ὑπὸ
885 2042 943 2124 τῆς
958 2038 1085 2116 ἐνδείας
1099 2065 1170 2104 κιν-

148 2133 347 2214 δυνεύοντος,
371 2138 429 2201 τοῦ
453 2132 547 2221 άγίοο
572 2131 745 2220 εὐχομένου
768 2132 852 2220 ὑπὲρ
867 2139 926 2201 τοῦ
943 2138 1024 2201 λαοῦ
1040 2134 1096 2201 καλ
1109 2136 1168 2201 τὸν

87 2229 89 2233 ’
148 2232 229 2301 θεὸν
253 2233 462 2313 ἱκετεύοντος,
485 2224 590 2320 ῆλθεν
613 2231 701 2320 αὐτῷ
725 2234 758 2301 ἐν
780 2237 841 2321 μιᾷ
858 2232 953 2322 φωνὴ
970 2230 1165 2319 οὐρανόθεν,

106 2332 321 2399 ἳὶκωελθεῖν
351 2331 384 2398 ἐν
412 2335 459 2418 τῷ
484 2328 656 2420 Ἑλληνικῷ
684 2335 752 2418 ναῷ
781 2336 827 2418 τῷ
858 2331 1079 2418 ἐπιλεγομένῳ
1108 2335 1167 2449 τοῦ

147 2426 272 2508 Διὸς”
252 2454 348 2507 ουτος
370 2429 403 2496 ἐν
425 2427 592 2518 ἀσφαλείᾳ
608 2431 724 2518 πολλῆ.
756 2433 810 2496 καὶ
802 2429 865 2548 δῆ
882 2425 1146 2508 ἀπελθόντος
1105 2457 1168 2496 ου

146 2531 205 2592 τοῦ
229 2523 379 2610 ἀοράτως
400 2526 442 2593 τά
464 2529 604 2613 κλεῖθρα
627 2523 813 2617 διηνοίγη
796 2527 864 2594 υπὸ
885 2531 979 2595 θεοῦ.
1020 2531 1074 2593 καὶ
1099 2528 1167 2595 εἰσ·

148 2622 257 2691 ελθών
280 2615 431 2694 ένδον
396 2650 487 2708 ευρεν
507 2634 603 2710 χρυσί
604 2651 641 2692 ον
591 2623 804 2705 ίπολύ,”
785 2651 868 2710 οπερ
892 2621 1041 2709 λαβιὸν“
1025 2626 1168 2710 ομακά

146 2743 218 2804 ριος
246 2719 439 2806 ἐξηγόρασεν
468 2725 521 2787 καὶ
550 2723 669 2806 ἐτέρων
699 2724 834 2788 πολλῶν
859 2722 971 2788 πάντα
991 2721 1048 2788 τὸν
1072 2733 1166 2789 σῖτον

106 2819 408 2894 ὕΦαυστινιανού,
438 2821 492 2883 καὶ
522 2819 659 2886 δέδωκεν
682 2814 782 2885 αὐτόν
804 2829 876 2897 τοῖς
898 2820 1076 2900 δεομένοις.
1120 2821 1166 2907 μῆ

235 3009 263 3067 8.
282 3000 444 3086 Ὁνωριόο]
476 3000 661 3086 αλνορίυυΗ.
690 3003 838 3088 Ὁνόριος,
857 3003 1007 3087 Ὁνορίου,
1028 3002 1169 3105 ᾭνόριον

88 3126 92 3131 -
147 3095 174 3151 in
190 3093 298 3166 Vitap
316 3096 365 3159 53,
383 3097 411 3152 4.
436 3097 485 3160 54,
503 3096 552 3152 21.
578 3098 627 3162 63,
645 3098 694 3155 28.
720 3098 769 3160 64,
788 3095 1060 3172 25quaeeorrex1
1083 3097 1167 3157 Recte

146 3179 330 3254 scriptump.
350 3181 458 3244 54,16.
485 3183 533 3246 56,
552 3183 600 3238 32.
731 3183 759 3239 9.
790 3174 991 3257 νουθετήσας]
1023 3179 1167 3240 νουθετέ-

147 3264 258 3331 σαςΗ.
389 3266 438 3322 21.
461 3255 603 3337 όντος]
594 3256 672 3322 όντω
702 3266 763 3335 (εἰσ)
792 3263 824 3323 H·.
869 3266 898 3322 ln
922 3264 1029 3340 Vitap
1049 3270 1097 3333 58,
1116 3271 1165 3327 25.

147 3342 273 3415 ναδς-
290 3338 374 3416 ὅστις
395 3344 529 3406 ἐκαλεῖτο
551 3343 630 3417 Διὸς
657 3343 841 3428 ἀσφάλεια.
850 3361 878 3408 εί
902 3354 951 3410 31.
980 3346 1012 3406 ἐν
1033 3354 1079 3408 τοῦ
1101 3372 1165 3456 ναῳ

146 3435 190 3488 τιό
212 3428 388 3514 καλουμένου
410 3428 488 3502 Διὸς
510 3425 672 3538 ἀσφάλεια.
803 3437 853 3494 22.
877 3429 1076 3512 ἀοράτως]
1059 3431 1165 3511 σωρεί-

146 3518 260 3583 τωςΗ.
362 3491 506 3595 διηνοιγη]
537 3513 724 3598 διηνδγειΗ.
820 3524 869 3582 23.
891 3515 983 3594 πολυ]
1013 3515 1164 3578 πολόνΗ.

146 3602 257 3657 Hecto
251 3621 278 3658 111
300 3604 357 3660 vita
381 3622 407 3677 p.
427 3608 475 3670 59,
492 3609 521 3662 4.
