2534 4154
468 324 759 375 intermissiones.
1064 309 1126 372 311

108 480 253 554 Epiphanii
273 479 351 537 locus
372 489 424 536 est.
455 480 613 554 Quanquam
635 497 666 536 ea
688 497 733 536 res
755 479 867 537 induitis
888 480 1061 553 antiquorum
1076 479 1131 536 Pa—

107 574 180 621 trum
211 581 241 620 ao
264 564 445 622 Consiliorum
473 562 636 628 testimoniis
663 565 802 639 explorata
829 565 897 622 adeo
920 574 981 630 est,
1009 565 1077 621 nibil
1098 575 1130 623 ut

106 649 291 722 impudentius
313 649 348 705 ab
370 649 508 707 hodiernis
523 649 670 713 llaeretiris
692 649 798 707 irrideri
819 650 1010 725 repudiarique
1032 649 1128 706 soleat.

108 733 226 791 Consule
248 734 366 807 quaein
389 736 492 808 magnis
508 732 666 798 Annalibus,
689 744 771 808 atque
794 734 827 792 ab
851 735 909 791 aliis
931 736 1054 792 studiose
1069 735 1131 795 eol-

105 819 176 876 lecta
198 828 271 883 sunt,
293 819 341 892 qui
363 820 491 877 adversus
507 819 665 878 llaeretieos
680 820 858 892 seripserunt.
889 820 943 877 Sed
958 821 1025 877 mira
1039 834 1128 894 quae-

105 904 166 960 dam
188 904 215 960 in
237 904 475 977 quadragesimalis
497 905 590 962 ieiunii
615 904 747 976 religione
770 905 884 961 varietas
906 905 978 978 apud
999 907 1135 979 antiquos

105 988 203 1054 extitit,
227 989 260 1044 de
282 1006 335 1064 qua
357 990 485 1046 lrenaeus
506 991 578 1062 apud
593 988 835 1054 Eusebiummd
852 997 880 1046 et
893 989 1020 1047 Socrates
1039 995 1066 1056 5,
1075 993 1128 1049 22ae

105 1074 157 1142 Qui
180 1073 289 1146 quidem
310 1073 453 1146 insigniter
474 1074 591 1138 aberrat,
616 1074 679 1131 dum
694 1075 796 1131 Romae
817 1073 911 1132 scribit
926 1082 982 1131 tres
998 1076 1128 1135 duntaxat

103 1158 288 1216 hebdomadas
309 1168 373 1215 ante
394 1159 496 1215 Pascha
519 1159 650 1216 continuo
670 1159 793 1224 ieiunam,
818 1168 931 1232 excepto
954 1159 1080 1218 Sabbato-
1096 1177 1128 1219 ar

104 1243 252 1301 llominira.
294 1243 371 1311 Quod
394 1261 476 1316 supra
499 1244 645 1301 refutatum
669 1253 721 1300 est.
765 1243 880 1301 Subiioit
903 1244 1000 1303 deinde
1023 1263 1070 1303 sex
1092 1246 1127 1304 ab

104 1329 163 1385 aliis
185 1327 367 1385 hebdomadas
389 1338 453 1389 ante
475 1329 592 1392 Pascha,
622 1328 655 1385 ab
678 1329 736 1385 aliis
758 1338 878 1402 septem,
902 1329 1003 1386 ieiunio
1026 1346 1127 1387 eonse-

105 1413 185 1470 erari.
215 1412 288 1468 Alios
317 1416 352 1471 15
375 1413 449 1470 solos
472 1414 529 1469 dies
552 1430 602 1487 per
624 1418 639 1470 1
664 1413 851 1471 hebdomadas
869 1414 1040 1487 dispensare.
1074 1415 1128 1484 Qui

103 1515 200 1554 omnes
229 1514 309 1554 suurn
337 1496 413 1554 illum
441 1498 546 1555 dierum
568 1515 712 1555 numerum
734 1493 984 1575 τεσσαρακοστὴν
1005 1500 1129 1573 appella-

104 1584 179 1639 bant
210 1583 281 1639 Sane
302 1583 383 1656 apud.
397 1582 523 1640 Photium
546 1601 570 1639 e.
578 1587 638 1644 <107
662 1584 776 1641 basilius
800 1584 865 1640 Cilix
886 1583 1129 1641 Nestorianusad-

103 1685 198 1725 versus
221 1669 348 1723 loannem
375 1667 628 1742 Scythopolitanum
651 1668 776 1725 scribens
796 1668 888 1725 obiicit
910 1669 982 1725 inter
1003 1678 1137 1726 caetera:-

105 1743 153 1809 ὅτι
168 1747 224 1827 τὴν
239 1744 329 1828 ἁγίαν
344 1747 592 1828 τεσσαρακοστὴν
607 1748 649 1820 εἷς
663 1755 743 1831 τρεῖς
758 1744 937 1826 ἑβδομάδας
951 1750 1134 1830 copulator,-

104 1830 177 1895 οὐδὲ
198 1833 230 1894 ἐν
250 1831 378 1904 ταύταις
399 1840 453 1913 τῆς
473 1839 535 1894 τῶν
548 1838 671 1912 πτηνῶν
685 1834 878 1916 κρεωφαγίας
892 1829 1041 1913 ἀπείχετο.
1064 1840 1127 1896 Euit

104 1923 176 1978 enim
198 1939 252 1978 non
275 1922 364 1978 minor
385 1922 413 1978 in
440 1922 564 1985 ciborum
598 1922 705 1980 delectu
736 1922 953 1999 abstinentiaque
976 1925 1125 1990 diversitas,

104 2007 138 2063 de
161 2023 213 2081 qua
235 2006 307 2062 idem
329 2007 465 2064 Socrates.
505 2008 570 2065 Vide
593 2016 621 2064 et
643 2009 800 2065 Cassianum
822 2008 985 2075 uolutat,
1008 2011 1127 2067 Ambro-

104 2093 174 2148 sium
190 2092 277 2148 Serm.
290 2094 329 2151 23
353 2101 381 2148 et
403 2093 592 2166 sequentibus.
623 2093 770 2158 Sozam.7‚
783 2095 831 2152 19.
853 2093 1018 2168 Epiphanius
1041 2112 1125 2168 porro

103 2194 155 2251 per
176 2167 253 2232 ἔπτὰ
274 2169 393 2255 ἡμέρας
407 2180 463 2235 τοῦ
477 2170 615 2252 Πάσχα.
627 2189 689 2235 ante
703 2193 779 2252 ¹quos
802 2172 858 2252 τὴν
877 2173 1136 2256 τεσσαρακοστὴν

104 2261 236 2318 celebrari
265 2262 344 2326 dicit,
374 2280 429 2319 uon
458 2280 516 2319 eam
543 2263 740 2324 hebdomadem
761 2262 901 2334 intelligit,
931 2281 1000 2336 quae
1015 2264 1136 2332 'Paseba-
1190 2272 1191 2277 ’

103 2347 251 2421 praeeedit,
275 2347 315 2402 uti
336 2356 432 2419 postea
455 2364 516 2403 cum
539 2341 596 2413 τὰς
611 2337 646 2415 ἓξ
660 2339 777 2425 ἡμέρας
791 2348 846 2403 τοῦ
860 2339 979 2420 Πάσχα
993 2349 1124 2414 permeat,

103 2432 154 2489 sed
175 2432 208 2488 de
230 2431 405 2488 Pasehalibus
431 2435 446 2489 7
472 2431 544 2489 leriis
566 2431 697 2504 loquitur,
721 2448 787 2505 quas
810 2427 1136 2507 antecedit'Quadrage·

103 2517 197 2574 simale
219 2516 359 2593 ieiunium.
390 2516 484 2573 Utrum
508 2533 570 2572 vero
593 2517 664 2589 apud
686 2515 807 2590 Cyprios,
830 2514 877 2571 ubi
899 2517 966 2574 haec
989 2517 1175 2593 scribebatsel

103 2602 280 2676 Epiphanius,
295 2600 411 2658 Sabbata
427 2600 704 2674 quadragesimalibus
719 2601 966 2674 ieiuniiseuempta
981 2603 1045 2668 sint,
1069 2621 1138 2661 non¹

104 2687 171 2743 satis
193 2695 316 2760 apparet
345 2688 383 2742 ho
405 2687 531 2743 videmur
552 2703 584 2742 ex
609 2686 793 2742 Romanorum
814 2687 984 2760 aliorumque
1006 2706 1136 2747 consue--

103 2772 199 2829 tudine
228 2771 309 2827 etiam
336 2770 432 2828 diebus
454 2771 507 2827 illis
529 2771 679 2836 ieiunasse,
709 2788 771 2828 uum
793 2772 867 2829 solos
890 2771 1044 2832 hominioos
1067 2775 1139 2831 dies..

104 2857 228 2928 excipiat.
268 2856 395 2912 Proiecto
419 2857 492 2913 enim
513 2857 546 2911 de
568 2856 693 2913 Sabbalis
715 2857 826 2914 minime
848 2859 989 2916 tacuisset.
1032 2861 1127 2928 Quan-

104 2958 184 3014 quam
207 2939 389 2997 Sabbatorum
412 2941 472 2997 ideo
495 2942 611 2999 sortasse
627 2959 682 2999 non
697 2944 831 3008 meminit,
850 2943 925 3017 quod
940 2961 996 3001 non
1012 2944 1126 3000 eandem

104 3026 175 3100 apud
198 3042 292 3081 omnes
307 3025 441 3083 Ecclesias
463 3027 577 3085 formam
600 3043 671 3092 esse,
693 3028 974 3100 consuetudinemque
988 3037 1138 3092 cernerem.

103 3127 194 3185 neque
217 3111 360 3182 quiequam
384 3127 468 3183 super
490 3129 521 3168 ea
543 3113 677 3168 resciret
699 3113 732 3168 ab
746 3112 884 3185 eposioh's
907 3129 968 3169 esse
989 3113 1138 3186 praeseri-1

104 3205 192 3269 ptum.
237 3195 286 3250 llio
313 3204 405 3250 aulem
432 3197 502 3252 ritus
530 3214 577 3252 eos
606 3198 681 3255 solos
704 3196 847 3270 complecti
869 3196 968 3262 voluit,
998 3214 1069 3271 quos
1091 3197 1124 3254 ab

104 3279 242 3354 apostolis
265 3279 316 3337 toti
338 3279 626 3345 Ecclesiaeuaditos,
657 3299 712 3339 non
734 3290 872 3341 certorum
893 3281 1016 3339 locorum
1039 3298 1126 3356 penu-

103 3365 184 3423 liares
206 3381 267 3420 esse
290 3365 427 3423 erederet.
453 3366 599 3439 Perperam
621 3384 687 3423 vero
700 3365 834 3423 Pamelins
848 3366 883 3422 ad
898 3366 1010 3443 Tertull.
1025 3367 1125 3424 librum

104 3451 233 3507 adversus
255 3449 353 3522 Psyeb.
376 3468 401 3506 o.
414 3453 449 3508 15
479 3452 552 3508 hune
581 3452 671 3525 ipsum
692 3450 834 3527 Epiphanii
855 3451 946 3508 loeum
967 3452 1124 3526 interpolat

105 3543 133 3592 et
154 3552 205 3608 pro
227 3542 331 3606 septem
353 3537 421 3602 dies,
445 3537 517 3592 haud
532 3535 613 3592 dubie
628 3535 783 3608 legendum,
805 3542 910 3608 septem
924 3536 1125 3605 hebdomadas,

104 3620 228 3679 affirmat.
258 3619 370 3677 Frustra
393 3629 447 3686 est,
469 3621 587 3693 inquam.
632 3620 737 3677 Etenim
758 3613 874 3699 ἡμέρας
892 3632 939 3680 est
955 3622 988 3681 ,in
1011 3623 1124 3691 Graeon,
