<?xml version="1.0" encoding="UTF-8"?>
<!DOCTYPE html PUBLIC "-//W3C//DTD XHTML 1.0 Transitional//EN"
    "http://www.w3.org/TR/xhtml1/DTD/xhtml1-transitional.dtd">
<html xmlns="http://www.w3.org/1999/xhtml" xml:lang="en" lang="en">
 <head>
  <title>
</title>
<meta http-equiv="Content-Type" content="text/html;charset=utf-8" />
  <meta name='ocr-system' content='tesseract 3.04.00' />
  <meta name='ocr-capabilities' content='ocr_page ocr_carea ocr_par ocr_line ocrx_word'/>
</head>
<body>
  <div class='ocr_page' id='page_1' title='image "./epiphaniiepisco00epipgoog_0301.png"; bbox 0 0 2534 4154; ppageno 0'>
   <div class='ocr_carea' id='block_1_1' title="bbox 115 318 677 383">
    <p class='ocr_par' dir='ltr' id='par_1_1' title="bbox 115 318 677 383">
     <span class='ocr_line' id='line_1_1' title="bbox 115 318 677 383; baseline 0.002 -2"><span class='ocrx_word' id='word_1_1' title='bbox 115 318 174 383; x_wconf 84' lang='grc'><strong>196</strong></span> <span class='ocrx_word' id='word_1_2' title='bbox 564 332 677 382; x_wconf 75' lang='lat' dir='ltr'>censali</span> 
     </span>
    </p>
   </div>
   <div class='ocr_carea' id='block_1_2' title="bbox 56 485 1136 2007">
    <p class='ocr_par' dir='ltr' id='par_1_2' title="bbox 110 485 1136 814">
     <span class='ocr_line' id='line_1_2' title="bbox 112 485 1136 562; baseline -0.001 -16"><span class='ocrx_word' id='word_1_3' title='bbox 112 488 191 560; x_wconf 82' lang='lat' dir='ltr'>Quod</span> <span class='ocrx_word' id='word_1_4' title='bbox 212 486 383 562; x_wconf 83' lang='lat' dir='ltr'>nugacissimi</span> <span class='ocrx_word' id='word_1_5' title='bbox 406 503 437 543; x_wconf 89' lang='lat' dir='ltr'>ac</span> <span class='ocrx_word' id='word_1_6' title='bbox 459 486 592 542; x_wconf 77' lang='lat' dir='ltr'>vanissimi</span> <span class='ocrx_word' id='word_1_7' title='bbox 614 485 731 543; x_wconf 90' lang='lat' dir='ltr'>hominis</span> <span class='ocrx_word' id='word_1_8' title='bbox 754 496 937 544; x_wconf 90' lang='lat' dir='ltr'>commentum</span> <span class='ocrx_word' id='word_1_9' title='bbox 951 487 1051 544; x_wconf 82' lang='lat' dir='ltr'>refellit</span> <span class='ocrx_word' id='word_1_10' title='bbox 1067 488 1136 545; x_wconf 88' lang='lat' dir='ltr'>Hie·</span> 
     </span>
     <span class='ocr_line' id='line_1_3' title="bbox 110 571 1133 648; baseline -0.002 -16"><span class='ocrx_word' id='word_1_11' title='bbox 110 591 241 648; x_wconf 77' lang='lat' dir='ltr'>ronymns</span> <span class='ocrx_word' id='word_1_12' title='bbox 263 572 376 645; x_wconf 82' lang='lat' dir='ltr'>Apol.2</span> <span class='ocrx_word' id='word_1_13' title='bbox 400 571 428 627; x_wconf 93' lang='lat' dir='ltr'>in</span> <span class='ocrx_word' id='word_1_14' title='bbox 451 573 576 628; x_wconf 90' lang='lat' dir='ltr'>eundem.</span> <span class='ocrx_word' id='word_1_15' title='bbox 618 571 756 644; x_wconf 83' lang='lat' dir='ltr'>Nusquam</span> <span class='ocrx_word' id='word_1_16' title='bbox 782 573 852 628; x_wconf 92' lang='lat' dir='ltr'>enim</span> <span class='ocrx_word' id='word_1_17' title='bbox 875 583 922 628; x_wconf 86' lang='lat' dir='ltr'>ant</span> <span class='ocrx_word' id='word_1_18' title='bbox 943 573 977 628; x_wconf 89' lang='lat' dir='ltr'>de</span> <span class='ocrx_word' id='word_1_19' title='bbox 998 573 1133 631; x_wconf 88' lang='lat' dir='ltr'>librorum</span> 
     </span>
     <span class='ocr_line' id='line_1_4' title="bbox 110 656 1135 730; baseline -0.001 -14"><span class='ocrx_word' id='word_1_20' title='bbox 110 676 226 716; x_wconf 91' lang='lat' dir='ltr'>numero</span> <span class='ocrx_word' id='word_1_21' title='bbox 255 656 394 713; x_wconf 82' lang='lat' dir='ltr'>affirmavit</span> <span class='ocrx_word' id='word_1_22' title='bbox 415 656 597 730; x_wconf 58' lang='lat' dir='ltr'>Epiphaniam</span> <span class='ocrx_word' id='word_1_23' title='bbox 627 665 673 712; x_wconf 88' lang='lat' dir='ltr'>ant</span> <span class='ocrx_word' id='word_1_24' title='bbox 695 657 807 713; x_wconf 87' lang='lat' dir='ltr'>totidem</span> <span class='ocrx_word' id='word_1_25' title='bbox 829 675 845 712; x_wconf 91' lang='lat' dir='ltr'>a</span> <span class='ocrx_word' id='word_1_26' title='bbox 868 675 898 712; x_wconf 93' lang='lat' dir='ltr'>se</span> <span class='ocrx_word' id='word_1_27' title='bbox 920 658 1006 715; x_wconf 87' lang='lat' dir='ltr'>lectos</span> <span class='ocrx_word' id='word_1_28' title='bbox 1028 659 1135 715; x_wconf 80' lang='lat' dir='ltr'>contir-</span> 
     </span>
     <span class='ocr_line' id='line_1_5' title="bbox 110 741 1121 814; baseline 0 -14"><span class='ocrx_word' id='word_1_29' title='bbox 110 743 200 800; x_wconf 86' lang='lat' dir='ltr'>mavit.</span> <span class='ocrx_word' id='word_1_30' title='bbox 224 742 303 798; x_wconf 80' lang='lat' dir='ltr'>Addit</span> <span class='ocrx_word' id='word_1_31' title='bbox 325 741 435 798; x_wconf 91' lang='lat' dir='ltr'>Hieron.</span> <span class='ocrx_word' id='word_1_32' title='bbox 459 741 492 796; x_wconf 89' lang='lat' dir='ltr'>de</span> <span class='ocrx_word' id='word_1_33' title='bbox 515 741 638 814; x_wconf 84' lang='lat' dir='ltr'>Origenis</span> <span class='ocrx_word' id='word_1_34' title='bbox 661 741 768 814; x_wconf 90' lang='lat' dir='ltr'>scriptis</span> <span class='ocrx_word' id='word_1_35' title='bbox 791 741 900 799; x_wconf 88' lang='lat' dir='ltr'>Eusebii</span> <span class='ocrx_word' id='word_1_36' title='bbox 922 743 1121 800; x_wconf 88' lang='lat' dir='ltr'>testimonium.</span> 
     </span>
    </p>

    <p class='ocr_par' dir='ltr' id='par_1_3' title="bbox 199 816 1132 902">
     <span class='ocr_line' id='line_1_6' title="bbox 199 816 1132 902; baseline 0 -18"><span class='ocrx_word' id='word_1_37' title='bbox 199 827 300 884; x_wconf 76' lang='grc'><strong>5991.</strong></span> <span class='ocrx_word' id='word_1_38' title='bbox 332 820 381 882; x_wconf 84' lang='grc' dir='ltr'>καὶ</span> <span class='ocrx_word' id='word_1_39' title='bbox 411 821 538 900; x_wconf 71' lang='grc' dir='ltr'><strong><em>διαιρεῖν</em></strong></span> <span class='ocrx_word' id='word_1_40' title='bbox 564 822 606 892; x_wconf 80' lang='grc' dir='ltr'>εἷς</span> <span class='ocrx_word' id='word_1_41' title='bbox 635 818 754 882; x_wconf 71' lang='grc' dir='ltr'><strong><em>δώδεκα</em></strong></span> <span class='ocrx_word' id='word_1_42' title='bbox 776 816 881 902; x_wconf 71' lang='grc' dir='ltr'><strong><em>ὁδούς]</em></strong></span> <span class='ocrx_word' id='word_1_43' title='bbox 927 827 994 883; x_wconf 82' lang='lat' dir='ltr'>Cum</span> <span class='ocrx_word' id='word_1_44' title='bbox 1015 827 1132 885; x_wconf 84' lang='lat' dir='ltr'>rubrum</span> 
     </span>
    </p>

    <p class='ocr_par' dir='ltr' id='par_1_4' title="bbox 56 910 1134 1140">
     <span class='ocr_line' id='line_1_7' title="bbox 110 910 1134 984; baseline 0 -14"><span class='ocrx_word' id='word_1_45' title='bbox 110 930 185 970; x_wconf 92' lang='lat' dir='ltr'>mare</span> <span class='ocrx_word' id='word_1_46' title='bbox 214 912 379 968; x_wconf 88' lang='lat' dir='ltr'>traiecerunt</span> <span class='ocrx_word' id='word_1_47' title='bbox 408 910 512 977; x_wconf 87' lang='lat' dir='ltr'>iudaei,</span> <span class='ocrx_word' id='word_1_48' title='bbox 543 911 655 967; x_wconf 91' lang='lat' dir='ltr'>totidem</span> <span class='ocrx_word' id='word_1_49' title='bbox 683 912 829 984; x_wconf 85' lang='lat' dir='ltr'>impressas</span> <span class='ocrx_word' id='word_1_50' title='bbox 856 913 927 976; x_wconf 86' lang='lat' dir='ltr'>vias,</span> <span class='ocrx_word' id='word_1_51' title='bbox 957 921 1025 984; x_wconf 89' lang='lat' dir='ltr'>quot</span> <span class='ocrx_word' id='word_1_52' title='bbox 1054 922 1134 971; x_wconf 90' lang='lat' dir='ltr'>erant</span> 
     </span>
     <span class='ocr_line' id='line_1_8' title="bbox 56 984 1134 1071; baseline 0.001 -18"><span class='ocrx_word' id='word_1_53' title='bbox 56 984 58 993; x_wconf 51' lang='lat'><strong>¹</strong></span> <span class='ocrx_word' id='word_1_54' title='bbox 111 997 218 1063; x_wconf 82' lang='lat' dir='ltr'>Tribus,</span> <span class='ocrx_word' id='word_1_55' title='bbox 241 995 427 1053; x_wconf 81' lang='lat' dir='ltr'>Hebraeorum</span> <span class='ocrx_word' id='word_1_56' title='bbox 444 996 557 1069; x_wconf 75' lang='lat' dir='ltr'>¹traditio</span> <span class='ocrx_word' id='word_1_57' title='bbox 581 1005 631 1062; x_wconf 91' lang='lat' dir='ltr'>est,</span> <span class='ocrx_word' id='word_1_58' title='bbox 655 1012 736 1071; x_wconf 90' lang='lat' dir='ltr'>quam</span> <span class='ocrx_word' id='word_1_59' title='bbox 755 997 885 1069; x_wconf 81' lang='lat' dir='ltr'>Origenes</span> <span class='ocrx_word' id='word_1_60' title='bbox 908 1006 1049 1062; x_wconf 84' lang='lat' dir='ltr'>memorat,</span> <span class='ocrx_word' id='word_1_61' title='bbox 1075 997 1134 1055; x_wconf 86' lang='lat' dir='ltr'>Ho-</span> 
     </span>
     <span class='ocr_line' id='line_1_9' title="bbox 109 1080 856 1140; baseline -0.001 -1"><span class='ocrx_word' id='word_1_62' title='bbox 109 1082 202 1140; x_wconf 78' lang='lat' dir='ltr'>miii&gt;</span> <span class='ocrx_word' id='word_1_63' title='bbox 225 1082 251 1137; x_wconf 95' lang='lat' dir='ltr'>in</span> <span class='ocrx_word' id='word_1_64' title='bbox 275 1081 395 1137; x_wconf 78' lang='lat' dir='ltr'>Euodum</span> <span class='ocrx_word' id='word_1_65' title='bbox 417 1090 445 1139; x_wconf 88' lang='lat' dir='ltr'>et</span> <span class='ocrx_word' id='word_1_66' title='bbox 466 1080 605 1136; x_wconf 87' lang='lat' dir='ltr'>Eimchins</span> <span class='ocrx_word' id='word_1_67' title='bbox 626 1081 654 1137; x_wconf 95' lang='lat' dir='ltr'>in</span> <span class='ocrx_word' id='word_1_68' title='bbox 677 1081 775 1137; x_wconf 86' lang='lat' dir='ltr'>Psalm.</span> <span class='ocrx_word' id='word_1_69' title='bbox 789 1083 856 1138; x_wconf 84' lang='grc'><strong>136.</strong></span> 
     </span>
    </p>

    <p class='ocr_par' dir='ltr' id='par_1_5' title="bbox 109 1157 1133 1328">
     <span class='ocr_line' id='line_1_10' title="bbox 197 1157 1133 1244; baseline 0.001 -20"><span class='ocrx_word' id='word_1_70' title='bbox 197 1168 254 1224; x_wconf 89' lang='grc'><strong>601</strong></span> <span class='ocrx_word' id='word_1_71' title='bbox 274 1184 298 1222; x_wconf 92' lang='lat' dir='ltr'>a.</span> <span class='ocrx_word' id='word_1_72' title='bbox 328 1158 370 1232; x_wconf 81' lang='grc' dir='ltr'>ὡς</span> <span class='ocrx_word' id='word_1_73' title='bbox 391 1160 441 1221; x_wconf 80' lang='grc' dir='ltr'>καὶ</span> <span class='ocrx_word' id='word_1_74' title='bbox 464 1157 480 1222; x_wconf 82' lang='grc' dir='ltr'><em>ὃ</em></span> <span class='ocrx_word' id='word_1_75' title='bbox 496 1161 629 1222; x_wconf 79' lang='grc' dir='ltr'><strong><em>καλλίων</em></strong></span> <span class='ocrx_word' id='word_1_76' title='bbox 641 1161 824 1244; x_wconf 77' lang='grc' dir='ltr'><strong><em>μακαρίτης]</em></strong></span> <span class='ocrx_word' id='word_1_77' title='bbox 853 1167 914 1222; x_wconf 81' lang='lat' dir='ltr'>Cor.</span> <span class='ocrx_word' id='word_1_78' title='bbox 931 1157 973 1233; x_wconf 79' lang='grc' dir='ltr'>ὥς</span> <span class='ocrx_word' id='word_1_79' title='bbox 987 1161 1038 1223; x_wconf 77' lang='grc' dir='ltr'>καὶ</span> <span class='ocrx_word' id='word_1_80' title='bbox 1055 1161 1133 1225; x_wconf 79' lang='grc' dir='ltr'><strong><em>κάλ-</em></strong></span> 
     </span>
     <span class='ocr_line' id='line_1_11' title="bbox 109 1243 413 1328; baseline -0.013 -20"><span class='ocrx_word' id='word_1_81' title='bbox 109 1249 175 1310; x_wconf 84' lang='grc' dir='ltr'><strong><em>λιον</em></strong></span> <span class='ocrx_word' id='word_1_82' title='bbox 195 1243 211 1309; x_wconf 82' lang='grc' dir='ltr'><em>ὃ</em></span> <span class='ocrx_word' id='word_1_83' title='bbox 232 1247 413 1328; x_wconf 81' lang='grc' dir='ltr'><strong><em>μακαρίτης.</em></strong></span> 
     </span>
    </p>

    <p class='ocr_par' dir='ltr' id='par_1_6' title="bbox 108 1328 1132 1497">
     <span class='ocr_line' id='line_1_12' title="bbox 196 1328 1132 1412; baseline 0.001 -18"><span class='ocrx_word' id='word_1_84' title='bbox 196 1329 277 1394; x_wconf 63' lang='grc' dir='ltr'><strong><em>ἔστιν</em></strong></span> <span class='ocrx_word' id='word_1_85' title='bbox 298 1332 372 1392; x_wconf 66' lang='lat' dir='ltr'>idcir</span> <span class='ocrx_word' id='word_1_86' title='bbox 392 1329 432 1392; x_wconf 79' lang='grc' dir='ltr'>τὰ</span> <span class='ocrx_word' id='word_1_87' title='bbox 453 1329 599 1412; x_wconf 72' lang='grc' dir='ltr'><strong><em>ἐπίχειρα]</em></strong></span> <span class='ocrx_word' id='word_1_88' title='bbox 631 1335 713 1391; x_wconf 89' lang='lat' dir='ltr'>Eorte</span> <span class='ocrx_word' id='word_1_89' title='bbox 734 1328 774 1392; x_wconf 82' lang='grc' dir='ltr'>τὰ</span> <span class='ocrx_word' id='word_1_90' title='bbox 795 1329 842 1391; x_wconf 74' lang='grc' dir='ltr'>ἐπὶ</span> <span class='ocrx_word' id='word_1_91' title='bbox 853 1337 953 1412; x_wconf 78' lang='grc' dir='ltr'><strong><em>χεῖρα,</em></strong></span> <span class='ocrx_word' id='word_1_92' title='bbox 976 1336 1045 1392; x_wconf 86' lang='lat' dir='ltr'>haec</span> <span class='ocrx_word' id='word_1_93' title='bbox 1061 1352 1132 1411; x_wconf 76' lang='lat' dir='ltr'>qnae</span> 
     </span>
     <span class='ocr_line' id='line_1_13' title="bbox 108 1420 840 1497; baseline -0.004 -18"><span class='ocrx_word' id='word_1_94' title='bbox 108 1439 174 1497; x_wconf 89' lang='lat' dir='ltr'>prae</span> <span class='ocrx_word' id='word_1_95' title='bbox 196 1420 321 1478; x_wconf 86' lang='lat' dir='ltr'>manibus</span> <span class='ocrx_word' id='word_1_96' title='bbox 343 1420 474 1477; x_wconf 86' lang='lat' dir='ltr'>habemus</span> <span class='ocrx_word' id='word_1_97' title='bbox 497 1437 528 1476; x_wconf 92' lang='lat' dir='ltr'>ac</span> <span class='ocrx_word' id='word_1_98' title='bbox 550 1421 583 1476; x_wconf 91' lang='lat' dir='ltr'>de</span> <span class='ocrx_word' id='word_1_99' title='bbox 606 1420 704 1492; x_wconf 88' lang='lat' dir='ltr'>quibus</span> <span class='ocrx_word' id='word_1_100' title='bbox 726 1420 840 1493; x_wconf 80' lang='lat' dir='ltr'>agimus.</span> 
     </span>
    </p>

    <p class='ocr_par' dir='ltr' id='par_1_7' title="bbox 108 1495 1134 1919">
     <span class='ocr_line' id='line_1_14' title="bbox 196 1495 1133 1580; baseline 0 -16"><span class='ocrx_word' id='word_1_101' title='bbox 196 1509 256 1564; x_wconf 83' lang='grc'>602</span> <span class='ocrx_word' id='word_1_102' title='bbox 273 1524 297 1562; x_wconf 85' lang='lat' dir='ltr'>a.</span> <span class='ocrx_word' id='word_1_103' title='bbox 327 1500 378 1561; x_wconf 79' lang='grc' dir='ltr'>καὶ</span> <span class='ocrx_word' id='word_1_104' title='bbox 400 1495 550 1578; x_wconf 78' lang='grc' dir='ltr'><strong><em>Σολομὼν</em></strong></span> <span class='ocrx_word' id='word_1_105' title='bbox 570 1500 601 1562; x_wconf 78' lang='grc' dir='ltr'>ἓν</span> <span class='ocrx_word' id='word_1_106' title='bbox 622 1501 811 1580; x_wconf 85' lang='grc' dir='ltr'><strong><em>παροιμίαις]</em></strong></span> <span class='ocrx_word' id='word_1_107' title='bbox 856 1505 976 1579; x_wconf 81' lang='lat' dir='ltr'>Longius</span> <span class='ocrx_word' id='word_1_108' title='bbox 999 1507 1133 1565; x_wconf 82' lang='lat' dir='ltr'>arcessita</span> 
     </span>
     <span class='ocr_line' id='line_1_15' title="bbox 108 1589 1134 1664; baseline 0.001 -16"><span class='ocrx_word' id='word_1_109' title='bbox 108 1592 177 1648; x_wconf 88' lang='lat' dir='ltr'>haec</span> <span class='ocrx_word' id='word_1_110' title='bbox 199 1592 252 1648; x_wconf 91' lang='lat' dir='ltr'>loci</span> <span class='ocrx_word' id='word_1_111' title='bbox 273 1591 355 1647; x_wconf 90' lang='lat' dir='ltr'>huius</span> <span class='ocrx_word' id='word_1_112' title='bbox 377 1589 566 1664; x_wconf 76' lang='lat' dir='ltr'>interpretatio</span> <span class='ocrx_word' id='word_1_113' title='bbox 596 1589 678 1647; x_wconf 86' lang='lat' dir='ltr'>etad</span> <span class='ocrx_word' id='word_1_114' title='bbox 700 1591 828 1646; x_wconf 85' lang='lat' dir='ltr'>Graecam</span> <span class='ocrx_word' id='word_1_115' title='bbox 852 1591 996 1647; x_wconf 81' lang='lat' dir='ltr'>editionem</span> <span class='ocrx_word' id='word_1_116' title='bbox 1020 1602 1134 1649; x_wconf 86' lang='lat' dir='ltr'>accom-</span> 
     </span>
     <span class='ocr_line' id='line_1_16' title="bbox 108 1673 1133 1749; baseline 0.001 -17"><span class='ocrx_word' id='word_1_117' title='bbox 108 1675 226 1734; x_wconf 90' lang='lat' dir='ltr'>modata.</span> <span class='ocrx_word' id='word_1_118' title='bbox 271 1677 337 1732; x_wconf 87' lang='lat' dir='ltr'>Nam</span> <span class='ocrx_word' id='word_1_119' title='bbox 359 1675 480 1731; x_wconf 87' lang='lat' dir='ltr'>Hebraea</span> <span class='ocrx_word' id='word_1_120' title='bbox 510 1673 610 1730; x_wconf 88' lang='lat' dir='ltr'>nullam</span> <span class='ocrx_word' id='word_1_121' title='bbox 638 1676 789 1731; x_wconf 84' lang='lat' dir='ltr'>sententiae</span> <span class='ocrx_word' id='word_1_122' title='bbox 810 1673 882 1732; x_wconf 88' lang='lat' dir='ltr'>illius</span> <span class='ocrx_word' id='word_1_123' title='bbox 905 1674 1133 1749; x_wconf 82' lang='lat' dir='ltr'>significationem</span> 
     </span>
     <span class='ocr_line' id='line_1_17' title="bbox 108 1759 1132 1835; baseline 0.002 -19"><span class='ocrx_word' id='word_1_124' title='bbox 108 1762 275 1835; x_wconf 78' lang='lat' dir='ltr'>praeferunt.</span> <span class='ocrx_word' id='word_1_125' title='bbox 319 1760 451 1816; x_wconf 84' lang='lat' dir='ltr'>Hortatur</span> <span class='ocrx_word' id='word_1_126' title='bbox 479 1759 586 1832; x_wconf 88' lang='lat' dir='ltr'>sapiens</span> <span class='ocrx_word' id='word_1_127' title='bbox 615 1768 646 1816; x_wconf 91' lang='lat' dir='ltr'>ut</span> <span class='ocrx_word' id='word_1_128' title='bbox 672 1760 790 1816; x_wconf 85' lang='lat' dir='ltr'>rusticae</span> <span class='ocrx_word' id='word_1_129' title='bbox 818 1761 858 1815; x_wconf 89' lang='lat' dir='ltr'>rei</span> <span class='ocrx_word' id='word_1_130' title='bbox 892 1769 920 1817; x_wconf 93' lang='lat' dir='ltr'>et</span> <span class='ocrx_word' id='word_1_131' title='bbox 947 1760 1132 1834; x_wconf 81' lang='lat' dir='ltr'>agriculturae</span> 
     </span>
     <span class='ocr_line' id='line_1_18' title="bbox 109 1845 479 1919; baseline -0.003 -18"><span class='ocrx_word' id='word_1_132' title='bbox 109 1846 224 1919; x_wconf 80' lang='lat' dir='ltr'>diligens</span> <span class='ocrx_word' id='word_1_133' title='bbox 247 1845 380 1901; x_wconf 86' lang='lat' dir='ltr'>habeatur</span> <span class='ocrx_word' id='word_1_134' title='bbox 402 1845 479 1900; x_wconf 93' lang='lat' dir='ltr'>ratio.</span> 
     </span>
    </p>

    <p class='ocr_par' dir='ltr' id='par_1_8' title="bbox 195 1920 1130 2007">
     <span class='ocr_line' id='line_1_19' title="bbox 195 1920 1130 2007; baseline 0.004 -23"><span class='ocrx_word' id='word_1_135' title='bbox 195 1924 271 2007; x_wconf 74' lang='grc' dir='ltr'><strong><em>φασὶ</em></strong></span> <span class='ocrx_word' id='word_1_136' title='bbox 292 1923 351 2006; x_wconf 75' lang='grc' dir='ltr'>γὰρ</span> <span class='ocrx_word' id='word_1_137' title='bbox 374 1921 403 1984; x_wconf 76' lang='grc' dir='ltr'>οἱ</span> <span class='ocrx_word' id='word_1_138' title='bbox 425 1920 617 2007; x_wconf 72' lang='grc' dir='ltr'><strong><em>φυσιολόγοι]</em></strong></span> <span class='ocrx_word' id='word_1_139' title='bbox 645 1925 769 2002; x_wconf 80' lang='grc' dir='ltr'><strong><em>μυωξοῦ</em></strong></span> <span class='ocrx_word' id='word_1_140' title='bbox 790 1928 912 1985; x_wconf 87' lang='lat' dir='ltr'>meminit</span> <span class='ocrx_word' id='word_1_141' title='bbox 933 1929 960 1984; x_wconf 92' lang='lat' dir='ltr'>in</span> <span class='ocrx_word' id='word_1_142' title='bbox 982 1932 1130 1988; x_wconf 80' lang='lat' dir='ltr'>Ancorato.</span> 
     </span>
    </p>
   </div>
   <div class='ocr_carea' id='block_1_3' title="bbox 277 2147 961 2205">
    <p class='ocr_par' dir='ltr' id='par_1_9' title="bbox 277 2147 961 2205">
     <span class='ocr_line' id='line_1_20' title="bbox 277 2147 961 2205; baseline 0 -1"><span class='ocrx_word' id='word_1_143' title='bbox 277 2149 320 2204; x_wconf 84' lang='grc' dir='ltr'>ΑΙ]</span> <span class='ocrx_word' id='word_1_144' title='bbox 344 2147 511 2204; x_wconf 82' lang='lat' dir='ltr'>nnnnnsnt</span> <span class='ocrx_word' id='word_1_145' title='bbox 532 2149 596 2205; x_wconf 86' lang='lat' dir='ltr'>LXV</span> <span class='ocrx_word' id='word_1_146' title='bbox 619 2149 718 2204; x_wconf 82' lang='lat' dir='ltr'>PAULI</span> <span class='ocrx_word' id='word_1_147' title='bbox 740 2147 961 2205; x_wconf 74' lang='lat' dir='ltr'>samosateni.</span> 
     </span>
    </p>
   </div>
   <div class='ocr_carea' id='block_1_4' title="bbox 107 2259 1139 3699">
    <p class='ocr_par' dir='ltr' id='par_1_10' title="bbox 107 2259 1139 3094">
     <span class='ocr_line' id='line_1_21' title="bbox 113 2259 1131 2346; baseline 0.005 -23"><span class='ocrx_word' id='word_1_148' title='bbox 113 2318 116 2323; x_wconf 91' lang='lat'>.</span> <span class='ocrx_word' id='word_1_149' title='bbox 195 2270 255 2326; x_wconf 84' lang='grc'>607</span> <span class='ocrx_word' id='word_1_150' title='bbox 272 2267 300 2324; x_wconf 91' lang='lat' dir='ltr'>b.</span> <span class='ocrx_word' id='word_1_151' title='bbox 331 2262 363 2323; x_wconf 75' lang='grc' dir='ltr'>ἓν</span> <span class='ocrx_word' id='word_1_152' title='bbox 383 2259 511 2346; x_wconf 73' lang='grc' dir='ltr'><strong><em>ἡμίραις</em></strong></span> <span class='ocrx_word' id='word_1_153' title='bbox 531 2259 746 2342; x_wconf 81' lang='grc' dir='ltr'><strong><em>Αὐρηλιανοῦ]</em></strong></span> <span class='ocrx_word' id='word_1_154' title='bbox 777 2268 833 2323; x_wconf 92' lang='lat' dir='ltr'>lmn</span> <span class='ocrx_word' id='word_1_155' title='bbox 856 2284 920 2325; x_wconf 92' lang='lat' dir='ltr'>vero</span> <span class='ocrx_word' id='word_1_156' title='bbox 939 2267 991 2324; x_wconf 87' lang='lat' dir='ltr'>sub</span> <span class='ocrx_word' id='word_1_157' title='bbox 1009 2269 1131 2329; x_wconf 81' lang='lat' dir='ltr'>Gallieno</span> 
     </span>
     <span class='ocr_line' id='line_1_22' title="bbox 108 2352 1132 2428; baseline 0.004 -19"><span class='ocrx_word' id='word_1_158' title='bbox 108 2362 172 2428; x_wconf 92' lang='lat' dir='ltr'>post</span> <span class='ocrx_word' id='word_1_159' title='bbox 194 2353 357 2410; x_wconf 84' lang='lat' dir='ltr'>Demetriani</span> <span class='ocrx_word' id='word_1_160' title='bbox 380 2353 494 2409; x_wconf 89' lang='lat' dir='ltr'>obitum.</span> <span class='ocrx_word' id='word_1_161' title='bbox 525 2352 658 2408; x_wconf 81' lang='lat' dir='ltr'>Eusebius</span> <span class='ocrx_word' id='word_1_162' title='bbox 680 2352 726 2410; x_wconf 85' lang='grc'><strong>1.’1</strong></span> <span class='ocrx_word' id='word_1_163' title='bbox 751 2352 852 2409; x_wconf 84' lang='lat' dir='ltr'>Hister.</span> <span class='ocrx_word' id='word_1_164' title='bbox 876 2370 900 2409; x_wconf 93' lang='lat' dir='ltr'>c.</span> <span class='ocrx_word' id='word_1_165' title='bbox 918 2355 966 2411; x_wconf 81' lang='lat'>22.</span> <span class='ocrx_word' id='word_1_166' title='bbox 997 2355 1132 2427; x_wconf 83' lang='lat' dir='ltr'>Imposuit</span> 
     </span>
     <span class='ocr_line' id='line_1_23' title="bbox 108 2437 1132 2513; baseline 0.003 -19"><span class='ocrx_word' id='word_1_167' title='bbox 108 2437 259 2512; x_wconf 90' lang='lat' dir='ltr'>Epiphanio</span> <span class='ocrx_word' id='word_1_168' title='bbox 282 2438 356 2513; x_wconf 89' lang='lat' dir='ltr'>qnod</span> <span class='ocrx_word' id='word_1_169' title='bbox 377 2438 428 2494; x_wconf 82' lang='lat' dir='ltr'>snb</span> <span class='ocrx_word' id='word_1_170' title='bbox 444 2437 590 2494; x_wconf 78' lang='lat' dir='ltr'>Airreliano</span> <span class='ocrx_word' id='word_1_171' title='bbox 613 2437 753 2493; x_wconf 86' lang='lat' dir='ltr'>damnatus</span> <span class='ocrx_word' id='word_1_172' title='bbox 777 2447 805 2494; x_wconf 91' lang='lat' dir='ltr'>et</span> <span class='ocrx_word' id='word_1_173' title='bbox 821 2437 984 2511; x_wconf 83' lang='lat' dir='ltr'>Episcopatu</span> <span class='ocrx_word' id='word_1_174' title='bbox 1008 2439 1132 2497; x_wconf 88' lang='lat' dir='ltr'>deiectus</span> 
     </span>
     <span class='ocr_line' id='line_1_24' title="bbox 109 2521 1134 2599; baseline 0.004 -20"><span class='ocrx_word' id='word_1_175' title='bbox 109 2532 160 2588; x_wconf 85' lang='lat' dir='ltr'>est,</span> <span class='ocrx_word' id='word_1_176' title='bbox 184 2524 306 2598; x_wconf 83' lang='lat' dir='ltr'>adeoque</span> <span class='ocrx_word' id='word_1_177' title='bbox 329 2523 465 2580; x_wconf 76' lang='lat' dir='ltr'>Aureliani</span> <span class='ocrx_word' id='word_1_178' title='bbox 487 2523 607 2587; x_wconf 91' lang='lat' dir='ltr'>decreto,</span> <span class='ocrx_word' id='word_1_179' title='bbox 632 2522 704 2597; x_wconf 88' lang='lat' dir='ltr'>quod</span> <span class='ocrx_word' id='word_1_180' title='bbox 721 2521 862 2578; x_wconf 84' lang='lat' dir='ltr'>Christiani</span> <span class='ocrx_word' id='word_1_181' title='bbox 878 2522 1019 2580; x_wconf 79' lang='lat' dir='ltr'>Antistites</span> <span class='ocrx_word' id='word_1_182' title='bbox 1042 2524 1134 2599; x_wconf 86' lang='lat' dir='ltr'>impe-</span> 
     </span>
     <span class='ocr_line' id='line_1_25' title="bbox 108 2607 975 2680; baseline 0.001 -18"><span class='ocrx_word' id='word_1_183' title='bbox 108 2614 225 2663; x_wconf 83' lang='lat' dir='ltr'>trarunt.</span> <span class='ocrx_word' id='word_1_184' title='bbox 257 2607 310 2664; x_wconf 87' lang='lat' dir='ltr'>Sed</span> <span class='ocrx_word' id='word_1_185' title='bbox 332 2609 523 2680; x_wconf 89' lang='lat' dir='ltr'>Episcopatum</span> <span class='ocrx_word' id='word_1_186' title='bbox 547 2607 649 2680; x_wconf 90' lang='lat' dir='ltr'>aliquot</span> <span class='ocrx_word' id='word_1_187' title='bbox 671 2607 748 2663; x_wconf 90' lang='lat' dir='ltr'>annis</span> <span class='ocrx_word' id='word_1_188' title='bbox 771 2615 834 2663; x_wconf 90' lang='lat' dir='ltr'>ante</span> <span class='ocrx_word' id='word_1_189' title='bbox 856 2617 975 2680; x_wconf 88' lang='lat' dir='ltr'>ceperat.</span> 
     </span>
     <span class='ocr_line' id='line_1_26' title="bbox 112 2685 1132 2769; baseline 0.008 -25"><span class='ocrx_word' id='word_1_190' title='bbox 112 2739 115 2744; x_wconf 87' lang='lat'>.</span> <span class='ocrx_word' id='word_1_191' title='bbox 196 2693 255 2750; x_wconf 88' lang='grc'>608</span> <span class='ocrx_word' id='word_1_192' title='bbox 272 2709 296 2748; x_wconf 88' lang='lat' dir='ltr'>a.</span> <span class='ocrx_word' id='word_1_193' title='bbox 326 2686 382 2767; x_wconf 78' lang='grc' dir='ltr'>τὴν</span> <span class='ocrx_word' id='word_1_194' title='bbox 405 2688 520 2769; x_wconf 74' lang='grc' dir='ltr'><strong><em>αἵρεσιν</em></strong></span> <span class='ocrx_word' id='word_1_195' title='bbox 539 2694 595 2748; x_wconf 83' lang='grc' dir='ltr'>τοῦ</span> <span class='ocrx_word' id='word_1_196' title='bbox 610 2685 813 2768; x_wconf 73' lang='grc' dir='ltr'><strong><em>Ἀρτέμωνος]</em></strong></span> <span class='ocrx_word' id='word_1_197' title='bbox 852 2691 973 2749; x_wconf 86' lang='lat' dir='ltr'>Meminit</span> <span class='ocrx_word' id='word_1_198' title='bbox 993 2692 1132 2753; x_wconf 81' lang='lat' dir='ltr'>Eusebius</span> 
     </span>
     <span class='ocr_line' id='line_1_27' title="bbox 111 2775 1047 2849; baseline 0 -16"><span class='ocrx_word' id='word_1_199' title='bbox 111 2776 139 2841; x_wconf 82' lang='lat'>5,</span> <span class='ocrx_word' id='word_1_200' title='bbox 157 2776 206 2839; x_wconf 82' lang='lat'>27,</span> <span class='ocrx_word' id='word_1_201' title='bbox 230 2775 341 2849; x_wconf 86' lang='lat' dir='ltr'>Niceph.</span> <span class='ocrx_word' id='word_1_202' title='bbox 359 2780 387 2841; x_wconf 83' lang='lat'>4,</span> <span class='ocrx_word' id='word_1_203' title='bbox 406 2778 455 2834; x_wconf 84' lang='lat'>20.</span> <span class='ocrx_word' id='word_1_204' title='bbox 486 2776 549 2832; x_wconf 86' lang='lat' dir='ltr'>Vide</span> <span class='ocrx_word' id='word_1_205' title='bbox 571 2778 640 2849; x_wconf 80' lang='lat' dir='ltr'>Aug.</span> <span class='ocrx_word' id='word_1_206' title='bbox 663 2776 690 2830; x_wconf 96' lang='lat' dir='ltr'>in</span> <span class='ocrx_word' id='word_1_207' title='bbox 713 2776 824 2832; x_wconf 89' lang='lat' dir='ltr'>Haeresi</span> <span class='ocrx_word' id='word_1_208' title='bbox 846 2777 1047 2834; x_wconf 89' lang='lat' dir='ltr'>Paulianorum.</span> 
     </span>
     <span class='ocr_line' id='line_1_28' title="bbox 195 2849 1131 2936; baseline 0.004 -19"><span class='ocrx_word' id='word_1_209' title='bbox 195 2849 297 2935; x_wconf 79' lang='grc' dir='ltr'><strong><em>ὥσπερ</em></strong></span> <span class='ocrx_word' id='word_1_210' title='bbox 320 2853 423 2933; x_wconf 76' lang='grc' dir='ltr'><strong><em>ἀμέλει</em></strong></span> <span class='ocrx_word' id='word_1_211' title='bbox 446 2854 496 2916; x_wconf 75' lang='grc' dir='ltr'>καὶ</span> <span class='ocrx_word' id='word_1_212' title='bbox 519 2853 731 2933; x_wconf 78' lang='grc' dir='ltr'><strong><em>ὁΣαβίλλιος]</em></strong></span> <span class='ocrx_word' id='word_1_213' title='bbox 762 2861 855 2918; x_wconf 88' lang='lat' dir='ltr'>Novati</span> <span class='ocrx_word' id='word_1_214' title='bbox 870 2879 970 2918; x_wconf 93' lang='lat' dir='ltr'>nomen</span> <span class='ocrx_word' id='word_1_215' title='bbox 985 2879 1131 2936; x_wconf 82' lang='lat' dir='ltr'>perperam</span> 
     </span>
     <span class='ocr_line' id='line_1_29' title="bbox 109 2944 1139 3018; baseline 0.006 -17"><span class='ocrx_word' id='word_1_216' title='bbox 109 2944 227 3018; x_wconf 87' lang='lat' dir='ltr'>irrepsit.</span> <span class='ocrx_word' id='word_1_217' title='bbox 257 2944 322 3000; x_wconf 90' lang='lat' dir='ltr'>Nam</span> <span class='ocrx_word' id='word_1_218' title='bbox 338 2944 484 3009; x_wconf 89' lang='lat' dir='ltr'>Novatiani,</span> <span class='ocrx_word' id='word_1_219' title='bbox 509 2945 583 3018; x_wconf 92' lang='lat' dir='ltr'>quod</span> <span class='ocrx_word' id='word_1_220' title='bbox 598 2944 756 3001; x_wconf 83' lang='lat' dir='ltr'>Trinitatem</span> <span class='ocrx_word' id='word_1_221' title='bbox 779 2947 883 3010; x_wconf 86' lang='lat' dir='ltr'>attinet,</span> <span class='ocrx_word' id='word_1_222' title='bbox 908 2946 974 3003; x_wconf 87' lang='lat' dir='ltr'>nihil</span> <span class='ocrx_word' id='word_1_223' title='bbox 996 2947 1139 3006; x_wconf 83' lang='lat' dir='ltr'>aCatho--</span> 
     </span>
     <span class='ocr_line' id='line_1_30' title="bbox 107 3029 1034 3094; baseline 0 -7"><span class='ocrx_word' id='word_1_224' title='bbox 107 3029 167 3087; x_wconf 90' lang='lat' dir='ltr'>licis</span> <span class='ocrx_word' id='word_1_225' title='bbox 189 3029 385 3094; x_wconf 89' lang='lat' dir='ltr'>dissenserunt,</span> <span class='ocrx_word' id='word_1_226' title='bbox 409 3039 440 3086; x_wconf 90' lang='lat' dir='ltr'>ut</span> <span class='ocrx_word' id='word_1_227' title='bbox 461 3029 488 3085; x_wconf 91' lang='lat' dir='ltr'>in</span> <span class='ocrx_word' id='word_1_228' title='bbox 510 3029 658 3085; x_wconf 76' lang='lat' dir='ltr'>Annalibus</span> <span class='ocrx_word' id='word_1_229' title='bbox 681 3030 773 3086; x_wconf 90' lang='lat' dir='ltr'>docuit</span> <span class='ocrx_word' id='word_1_230' title='bbox 794 3031 891 3087; x_wconf 86' lang='lat' dir='ltr'>Boron.</span> <span class='ocrx_word' id='word_1_231' title='bbox 914 3035 945 3087; x_wconf 81' lang='grc' dir='ltr'>Α.</span> <span class='ocrx_word' id='word_1_232' title='bbox 963 3033 1034 3089; x_wconf 80' lang='lat'><strong>265.</strong></span> 
     </span>
    </p>

    <p class='ocr_par' dir='ltr' id='par_1_11' title="bbox 107 3103 1132 3528">
     <span class='ocr_line' id='line_1_31' title="bbox 195 3103 1132 3192; baseline 0.005 -20"><span class='ocrx_word' id='word_1_233' title='bbox 195 3116 255 3173; x_wconf 87' lang='grc'>608</span> <span class='ocrx_word' id='word_1_234' title='bbox 273 3114 298 3171; x_wconf 92' lang='lat' dir='ltr'>d.</span> <span class='ocrx_word' id='word_1_235' title='bbox 328 3106 454 3189; x_wconf 75' lang='grc' dir='ltr'><em>τάληθῆ</em></span> <span class='ocrx_word' id='word_1_236' title='bbox 476 3108 518 3183; x_wconf 71' lang='grc' dir='ltr'>δὲ,</span> <span class='ocrx_word' id='word_1_237' title='bbox 542 3103 588 3169; x_wconf 81' lang='grc' dir='ltr'>ὅτι</span> <span class='ocrx_word' id='word_1_238' title='bbox 611 3105 680 3171; x_wconf 75' lang='grc' dir='ltr'>οὔτε</span> <span class='ocrx_word' id='word_1_239' title='bbox 703 3108 881 3191; x_wconf 82' lang='grc' dir='ltr'><strong><em>περιτομήν]</em></strong></span> <span class='ocrx_word' id='word_1_240' title='bbox 913 3117 1024 3173; x_wconf 85' lang='lat' dir='ltr'>Erustra</span> <span class='ocrx_word' id='word_1_241' title='bbox 1047 3118 1132 3192; x_wconf 79' lang='lat' dir='ltr'>igitur</span> 
     </span>
     <span class='ocr_line' id='line_1_32' title="bbox 107 3199 1132 3263; baseline 0.005 -8"><span class='ocrx_word' id='word_1_242' title='bbox 107 3200 135 3256; x_wconf 93' lang='lat' dir='ltr'>in</span> <span class='ocrx_word' id='word_1_243' title='bbox 163 3200 221 3257; x_wconf 91' lang='lat' dir='ltr'>eius</span> <span class='ocrx_word' id='word_1_244' title='bbox 244 3199 354 3256; x_wconf 88' lang='lat' dir='ltr'>Haeresi</span> <span class='ocrx_word' id='word_1_245' title='bbox 377 3200 536 3257; x_wconf 86' lang='lat' dir='ltr'>Plrilastrius</span> <span class='ocrx_word' id='word_1_246' title='bbox 567 3200 790 3256; x_wconf 83' lang='lat' dir='ltr'>circuncisionem</span> <span class='ocrx_word' id='word_1_247' title='bbox 813 3199 889 3257; x_wconf 91' lang='lat' dir='ltr'>illurn</span> <span class='ocrx_word' id='word_1_248' title='bbox 911 3201 1039 3263; x_wconf 84' lang='lat' dir='ltr'>docuisse</span> <span class='ocrx_word' id='word_1_249' title='bbox 1061 3220 1132 3261; x_wconf 90' lang='lat' dir='ltr'>con·</span> 
     </span>
     <span class='ocr_line' id='line_1_33' title="bbox 107 3284 1131 3361; baseline 0.004 -20"><span class='ocrx_word' id='word_1_250' title='bbox 107 3284 206 3350; x_wconf 83' lang='lat' dir='ltr'>firmat,</span> <span class='ocrx_word' id='word_1_251' title='bbox 230 3285 304 3358; x_wconf 90' lang='lat' dir='ltr'>quod</span> <span class='ocrx_word' id='word_1_252' title='bbox 326 3301 415 3361; x_wconf 92' lang='lat' dir='ltr'>neque</span> <span class='ocrx_word' id='word_1_253' title='bbox 436 3285 614 3359; x_wconf 64' lang='lat' dir='ltr'>demasonus,</span> <span class='ocrx_word' id='word_1_254' title='bbox 638 3302 727 3359; x_wconf 92' lang='lat' dir='ltr'>neque</span> <span class='ocrx_word' id='word_1_255' title='bbox 751 3284 884 3358; x_wconf 83' lang='lat' dir='ltr'>Synodica</span> <span class='ocrx_word' id='word_1_256' title='bbox 906 3286 950 3341; x_wconf 85' lang='lat' dir='ltr'>iila</span> <span class='ocrx_word' id='word_1_257' title='bbox 965 3287 1131 3346; x_wconf 83' lang='lat' dir='ltr'>Antiocheni</span> 
     </span>
     <span class='ocr_line' id='line_1_34' title="bbox 109 3369 1131 3445; baseline 0.004 -20"><span class='ocrx_word' id='word_1_258' title='bbox 109 3369 229 3435; x_wconf 82' lang='lat' dir='ltr'>Concilii,</span> <span class='ocrx_word' id='word_1_259' title='bbox 252 3369 326 3444; x_wconf 90' lang='lat' dir='ltr'>quod</span> <span class='ocrx_word' id='word_1_260' title='bbox 349 3370 476 3427; x_wconf 88' lang='lat' dir='ltr'>adversus</span> <span class='ocrx_word' id='word_1_261' title='bbox 499 3370 615 3426; x_wconf 90' lang='lat' dir='ltr'>eundem</span> <span class='ocrx_word' id='word_1_262' title='bbox 637 3369 804 3427; x_wconf 87' lang='lat' dir='ltr'>celebratum</span> <span class='ocrx_word' id='word_1_263' title='bbox 826 3379 877 3435; x_wconf 85' lang='lat' dir='ltr'>est,</span> <span class='ocrx_word' id='word_1_264' title='bbox 901 3387 952 3433; x_wconf 88' lang='lat' dir='ltr'>nec</span> <span class='ocrx_word' id='word_1_265' title='bbox 967 3371 1036 3426; x_wconf 86' lang='lat' dir='ltr'>eiius</span> <span class='ocrx_word' id='word_1_266' title='bbox 1051 3373 1131 3445; x_wconf 88' lang='lat' dir='ltr'>qnis-</span> 
     </span>
     <span class='ocr_line' id='line_1_35' title="bbox 108 3455 337 3528; baseline 0.004 -19"><span class='ocrx_word' id='word_1_267' title='bbox 108 3469 189 3526; x_wconf 91' lang='lat' dir='ltr'>quam</span> <span class='ocrx_word' id='word_1_268' title='bbox 210 3455 337 3528; x_wconf 87' lang='lat' dir='ltr'>prodidit.</span> 
     </span>
    </p>

    <p class='ocr_par' dir='ltr' id='par_1_12' title="bbox 107 3529 1132 3699">
     <span class='ocr_line' id='line_1_36' title="bbox 194 3529 1132 3611; baseline 0.003 -15"><span class='ocrx_word' id='word_1_269' title='bbox 194 3541 253 3596; x_wconf 93' lang='grc'><strong>610</strong></span> <span class='ocrx_word' id='word_1_270' title='bbox 271 3556 294 3595; x_wconf 89' lang='lat' dir='ltr'>c.</span> <span class='ocrx_word' id='word_1_271' title='bbox 325 3531 366 3607; x_wconf 80' lang='grc' dir='ltr'>ὡς</span> <span class='ocrx_word' id='word_1_272' title='bbox 387 3532 421 3596; x_wconf 71' lang='lat' dir='ltr'>dd</span> <span class='ocrx_word' id='word_1_273' title='bbox 444 3531 472 3596; x_wconf 82' lang='lat' dir='ltr'>oi</span> <span class='ocrx_word' id='word_1_274' title='bbox 495 3529 581 3595; x_wconf 74' lang='grc' dir='ltr'><strong><em>ἄλλοι</em></strong></span> <span class='ocrx_word' id='word_1_275' title='bbox 604 3531 737 3611; x_wconf 66' lang='lat' dir='ltr'>derident]</span> <span class='ocrx_word' id='word_1_276' title='bbox 768 3538 910 3596; x_wconf 87' lang='lat' dir='ltr'>Paululum</span> <span class='ocrx_word' id='word_1_277' title='bbox 937 3538 1041 3596; x_wconf 89' lang='lat' dir='ltr'>diversa</span> <span class='ocrx_word' id='word_1_278' title='bbox 1063 3551 1132 3599; x_wconf 88' lang='lat' dir='ltr'>snut</span> 
     </span>
     <span class='ocr_line' id='line_1_37' title="bbox 107 3623 1131 3699; baseline 0.007 -21"><span class='ocrx_word' id='word_1_279' title='bbox 107 3630 229 3688; x_wconf 68' lang='lat' dir='ltr'>ueterum</span> <span class='ocrx_word' id='word_1_280' title='bbox 250 3623 431 3699; x_wconf 88' lang='lat' dir='ltr'>interpretum</span> <span class='ocrx_word' id='word_1_281' title='bbox 453 3624 543 3691; x_wconf 84' lang='lat' dir='ltr'>verba,</span> <span class='ocrx_word' id='word_1_282' title='bbox 566 3640 635 3698; x_wconf 91' lang='lat' dir='ltr'>quae</span> <span class='ocrx_word' id='word_1_283' title='bbox 658 3624 685 3680; x_wconf 91' lang='lat' dir='ltr'>in</span> <span class='ocrx_word' id='word_1_284' title='bbox 708 3624 785 3681; x_wconf 89' lang='lat' dir='ltr'>variis</span> <span class='ocrx_word' id='word_1_285' title='bbox 800 3623 948 3681; x_wconf 87' lang='lat' dir='ltr'>Bibliorum</span> <span class='ocrx_word' id='word_1_286' title='bbox 962 3625 1131 3685; x_wconf 73' lang='lat' dir='ltr'>lectionibus</span> 
     </span>
    </p>
   </div>
   <div class='ocr_carea' id='block_1_5' title="bbox 0 0 1272 4154">
    <p class='ocr_par' dir='ltr' id='par_1_13' title="bbox 0 0 1272 4154">
     <span class='ocr_line' id='line_1_38' title="bbox 0 0 1272 4154; baseline 0 0"><span class='ocrx_word' id='word_1_287' title='bbox 0 0 1272 4154; x_wconf 95' lang='lat' dir='ltr'> </span> 
     </span>
    </p>
   </div>
  </div>
 </body>
</html>
