2534 4154
328 298 334 312 '
426 323 429 331 ·
491 310 782 361 inruanunanouas
1087 298 1147 361 153

218 465 363 540 [Sequitur
383 464 518 521 Excursns
541 466 573 522 ll.
605 465 648 521 De
676 483 751 522 anno
780 473 806 521 ct
828 467 872 522 die
893 465 1059 524 Dominiooe
1073 483 1148 541 pot-

131 552 219 609 sa'om's
243 559 272 608 et
291 550 333 606 De
355 567 431 606 anno
452 550 571 607 lodoico
593 568 620 624 p.
641 550 829 625 aaa-177]

217 637 279 695 448
294 635 322 693 h.
351 628 459 708 πάσχει
482 629 515 691 δὲ
537 631 569 693 ἐν
588 636 627 712 τῇ
647 630 707 713 πρὸ
731 630 805 693 δέκα
825 635 929 713 τριῶν]
960 636 1038 693 Nulla
1057 636 1198 711 Sibyl-rm

129 721 170 779 lae
194 721 272 786 lolia,
295 737 385 794 neque
407 719 535 794 Sphingis
558 701 708 794 aenigmala
730 738 792 777 eum
815 739 909 778 eorum
932 739 1001 794 quae
1023 739 1147 795 sequun-

128 816 174 864 tur
197 805 364 862 obscuritate
387 805 503 861 conferri
524 812 649 878 possunt,
673 822 742 879 quae
764 823 798 862 ne
820 806 865 862 ille
887 807 997 881 quidem
1019 807 1149 864 eruditis-

129 892 216 949 simus
230 890 435 947 Mathematicus
457 898 598 946 assecutus
620 899 671 955 est,
694 891 742 964 qui
756 891 830 946 hune
846 891 955 965 Cyclum
970 892 1148 950 solertissime

129 976 283 1035 declaravit.
328 975 460 1048 Imprimis
495 975 565 1031 enim
597 974 711 1031 ludaeos
744 975 781 1031 ait
807 967 989 1053 ὑπιρβάσει,
1023 978 1088 1034 hoe·
1104 985 1148 1034 est

129 1061 316 1125 translatione,
332 1059 436 1116 Pascha
447 1060 633 1125 summovisse,
648 1059 784 1116 Christum
798 1077 862 1116 vero
877 1078 987 1134 passum
1002 1061 1077 1117 huna
1091 1063 1148 1118 XlV

111 1146 287 1222 Ινυκτερινῇ
307 1138 395 1221 μέσῃ.
425 1145 531 1217 Optime
553 1144 686 1218 Xeplerus
708 1145 811 1200 hunam
832 1145 876 1201 hio
898 1145 1042 1201 Nicaensm
1064 1147 1148 1202 intel·
1171 1194 1174 1203 .

124 1230 195 1305 tigit.
225 1229 326 1286 Passus
348 1237 391 1286 est
413 1239 512 1293 autem,
535 1236 567 1285 ut
588 1230 674 1286 credit
695 1229 870 1302 Epiphanius,
892 1230 949 1285 Xlll
966 1230 1023 1286 Xal.
1038 1231 1147 1304 Apraid
1189 1256 1191 1260 ’

113 1324 171 1373 -est
193 1314 281 1370 llartii
301 1314 356 1370 XX.
385 1315 467 1386 Atqui
488 1314 564 1370 luna
586 1323 649 1371 tum-
664 1315 790 1379 Nicaeae,
813 1314 909 1370 eodem
922 1314 1073 1387 Epiphanio
1096 1332 1149 1372 au-

122 1401 219 1465 thore,
242 1399 293 1456 fuit
307 1399 373 1464 Xlll,
396 1399 448 1455 suh
470 1415 610 1473 vesperam
632 1408 723 1455 autem
740 1400 836 1472 eoepit
850 1399 914 1464 XlV,
938 1416 1000 1456 cum
1021 1400 1049 1454 in
1065 1399 1146 1472 Cyclo

121 1485 245 1543 ludaico·
258 1484 354 1541 vitioso
378 1491 452 1541 esset
472 1484 525 1549 XV,
549 1493 681 1558 sequente
701 1484 766 1540 XVl.
807 1483 860 1540 Sed
883 1474 955 1539 καθ’
977 1476 1148 1559 ὑπέρβασιν

122 1571 162 1628 ah
183 1569 280 1626 iisdem
301 1569 357 1625 XlV
378 1569 447 1625 facta
469 1578 520 1634 est,
544 1586 606 1625 cum
627 1570 656 1625 in
679 1586 738 1625 eam
759 1569 863 1625 Pascha
876 1569 1062 1625 traiecissem,
1093 1569 1149 1625 Ve-

121 1672 190 1713 rum
213 1654 246 1712 de
269 1655 319 1710 hae
340 1654 494 1727 posteriore
516 1655 600 1728 accipi
614 1672 671 1713 non
685 1657 787 1727 potest,
810 1655 872 1726 quia
887 1647 1061 1730 νυκτερινὴν
1074 1653 1147 1710 illam

121 1747 216 1798 vocat.
246 1739 356 1794 ludaeis·
373 1755 436 1795 vero
458 1748 522 1812 post
542 1732 714 1812 μετάβασιν
726 1738 782 1794 XlV
805 1739 884 1796 desiit
905 1739 932 1794 iu
954 1740 1007 1804 XV,
1030 1739 1147 1812 ideoque

121 1826 178 1883 tuit
198 1815 392 1902 p‘paepwdp-XV.
424 1823 495 1880 Fieri
516 1832 616 1897 potest,
640 1832 671 1880 ut
694 1824 909 1880 emendationem
932 1825 976 1880 hic
997 1824 1074 1880 locus
1092 1841 1147 1897 po-

123 1911 182 1969 tius
207 1926 288 1983 quam
307 1909 559 1982 interpretationem
573 1909 703 1982 requirat,
726 1909 926 1983 legendumque
942 1909 985 1974 sit,
1008 1926 1147 1986 τρισκαι-

122 1985 241 2068 δεκάτῃ
262 1985 388 2071 ἦμερινὴ
411 1988 499 2069 μέση,
520 1994 574 2050 hoo
597 2003 638 2050 est
660 1995 735 2050 Luna
750 1995 816 2059 Xlll,
840 2012 909 2068 quae
932 1994 970 2050 ab.
991 2004 1054 2051 ortu
1075 1994 1146 2051 Solis

120 2079 236 2153 incipit,
264 2078 388 2143 labente,
417 2080 472 2134 imo
499 2071 673 2158 μεσαζαύσῃ
701 2079 752 2135 sub
775 2080 914 2135 meridiem
936 2079 1060 2136 videlicet
1081 2079 1144 2145 diei,

110 2181 183 2238 uquo
205 2163 319 2220 civiliter
338 2163 395 2221 Xlll
411 2164 486 2219 Luna
507 2173 676 2220 numeratur.
708 2164 858 2233 Quodnisi
880 2166 918 2220 ita
940 2173 991 2229 est,
1014 2164 1081 2220 nihil
1096 2173 1197 2224 oo-l'18

107 2249 216 2306 currit
236 2248 330 2322 'aptius
359 2265 438 2321 quarn
467 2249 541 2321 quod
568 2250 685 2322 Xeplero
714 2249 829 2323 placuit,
859 2248 988 2305 decimam
1022 2256 1145 2322 quartam

84 2342 89 2349 '
125 2334 464 2395 Nicaenam'voearinlL
498 2334 571 2407 quod
593 2335 620 2389 in
643 2351 702 2389 eam
723 2342 833 2390 noctem
856 2333 968 2398 desinat,
991 2327 1146 2404 aqua'XIV

104 2419 234 2475 -initium
255 2419 373 2492 accepit,
400 2418 630 2490 ‚quemadmodum
652 2418 709 2473 dies
731 2420 893 2490 Azymorum
914 2417 947 2473 ah
969 2416 1146 2489 Evangelistis

125 2504 279 2561 Parasceue
299 2503 358 2576 ipsa
380 2502 528 2568 Paschatis,
551 2503 606 2558 sive
628 2502 732 2559 decima
754 2511 851 2574 quarta
871 2501 973 2558 mensis
994 2501 1147 2574 appellatur

125 2581 208 2645 κατὰ
233 2580 399 2665 πρόληψιν.
444 2587 498 2643 Sed
519 2597 578 2644 tum
599 2581 677 2661 μέση
699 2603 765 2651 vor,
795 2586 818 2641 si
839 2587 979 2642 meridiem
1000 2587 1144 2660 significet,

123 2689 223 2748 parum
244 2681 307 2746 apte
330 2672 495 2730 cohaerebit.
538 2672 599 2728 Non
621 2673 692 2728 enim
714 2681 756 2727 est
777 2664 931 2749 νυκτερινὴ
952 2666 1046 2746 μέση,
1075 2690 1147 2746 quae

97 2781 111 2800 ·
125 2758 236 2815 nonnisi
264 2766 328 2832 post
355 2775 494 2831 vesperam
522 2757 621 2830 coepit.
666 2756 719 2812 Sed
747 2773 837 2829 neque
863 2758 967 2814 medios
995 2757 1028 2814 ad
1053 2766 1146 2816 motus

108 2844 332 2900 -hstronomioos
361 2859 420 2899 mea
447 2843 581 2898 sententia
603 2842 723 2915 respexit
743 2841 918 2916 Epiphanius.
964 2835 1145 2911 Quamobrem

125 2921 162 2986 τὸ
183 2921 262 3003 μέση
284 2926 380 2984 abesse
401 2944 452 3000 per
472 2944 516 2984 me
538 2927 646 3000 quidem
669 2935 771 3000 potest.

211 3007 385 3090 προέλαβον
404 3006 480 3089 γὰρ,
502 3007 553 3068 καὶ
575 3005 701 3090 ἔφαγον]
731 3012 780 3069 llio
800 3013 846 3069 ille
867 3013 955 3069 nodus
978 3021 1020 3068 est
1042 3004 1145 3085 propa-

126 3098 237 3154 modum
265 3096 470 3163 inextricabilis,
500 3114 581 3171 quem
602 3099 774 3154 acutissimus
796 3097 841 3153 ille
863 3097 1067 3154 Mathematicus
1088 3112 1145 3151 non

127 3182 257 3240 dissolvit.
288 3183 333 3238 Sic
355 3182 426 3238 enim
447 3182 651 3256 interpretatur,
676 3182 799 3239 Christus
822 3198 884 3238 cum
906 3181 1009 3236 ludaeis
1028 3177 1145 3252 quihus-

126 3266 191 3325 dum⁴
216 3268 320 3324 Pascha
348 3266 416 3323 obiit
443 3269 519 3323 Luna
540 3268 645 3324 Iudaica
673 3268 768 3324 vitiosa
790 3266 846 3322 XlV
868 3273 998 3329 exeunte,
1028 3264 1144 3341 Nicaeae

126 3352 187 3418 Xll,
215 3353 272 3409 hoo
294 3360 336 3409 est
357 3352 412 3408 XlV
434 3353 493 3409 Kal.
515 3354 579 3425 Apr.
602 3353 688 3426 pridie
716 3352 774 3407 eius
797 3350 865 3415 diei,
895 3364 949 3423 quo
971 3365 1068 3422 passus
1091 3357 1143 3406 est.

126 3436 212 3494 Biduo
239 3437 323 3510 igitur
344 3436 485 3494 Nicaenam
508 3438 610 3493 hunam
632 3435 794 3508 anticipavit.
816 3430 819 3436 ’
838 3435 938 3491 lecireo
960 3427 1144 3510 προέλαβον,

114 3522 214 3596 inquit
234 3522 416 3596 Epiphanius,
446 3516 496 3577 καὶ
526 3514 641 3599 ἔφαγον
667 3516 702 3578 τὸ
725 3513 843 3592 Πάσχα
864 3519 945 3574 hiduo
968 3526 1031 3575 ante
1052 3519 1173 3594 legiti-··

127 3623 201 3667 mum
223 3617 341 3682 tempus,
364 3607 437 3683 quod
459 3614 518 3664 erat
538 3607 593 3662 XlV
615 3607 730 3664 Nicaena
751 3604 849 3662 cadens
871 3605 899 3660 io
921 3604 965 3660 Xll
980 3604 1038 3663 Xal.
1062 3605 1144 3676 Quasi
