2534 4154
427 338 717 390 inruanvaastonus.
1059 332 1079 394 5

100 627 155 702 hu
185 626 484 703 lNSCRlPTlONE
512 627 667 701 OPERIS
691 628 748 700 AC
773 628 832 703 XX
859 590 1049 717 PPdOllUll
1094 637 1112 691 2

293 745 554 820 HAERESEON
580 745 850 822 rahrlrtortu.

145 919 213 976 ilum
235 919 364 976 adsersus
387 921 426 978 80
443 919 584 983 Haereses,
608 934 678 993 qnae
700 920 733 974 ad
755 937 831 977 suam
852 930 967 978 aetatem
984 924 1081 981 extite-

58 1013 129 1071 rant,
154 1013 315 1078 susceptum
330 1022 345 1060 a
360 1021 390 1061 se
404 1005 457 1061 hoc
472 1020 542 1078 opus
556 1003 719 1078 profiteatur
733 1003 908 1078 Epiphanius,
925 1008 978 1063 duo
995 1025 1081 1081 quae-

59 1087 118 1147 dam
131 1098 293 1147 occurrunt
314 1090 341 1146 in
365 1106 397 1146 eo
420 1088 530 1161 negotio
554 1088 757 1145 consideranda.
788 1091 918 1157 Alterum,
942 1093 1081 1150 Haereaie

57 1192 159 1232 nomen
189 1175 319 1231 latissime
346 1173 374 1230 in
397 1173 557 1248 quibusdam
579 1173 722 1247 usurpari;
750 1191 801 1231 nee
823 1175 856 1231 ad
878 1177 1080 1252 Theologorum

58 1277 183 1318 normam
205 1258 329 1316 vocabuli
351 1276 431 1315 usum
452 1259 531 1314 istius
555 1257 638 1332 exigi,
668 1274 683 1314 a
705 1258 804 1332 quibus
827 1261 891 1336 quid
913 1264 1022 1336 proprie
1045 1264 1080 1320 sit

57 1343 194 1409 lfaeresis,
218 1354 245 1401 et
267 1351 398 1417 quantum
420 1344 530 1420 reliquis
553 1342 585 1399 ab
609 1343 690 1399 sectis
713 1343 826 1409 differat,
850 1346 975 1402 subtilius
998 1356 1080 1421 atque

58 1429 228 1488 enucleatius
250 1429 380 1485 declarari
401 1429 480 1486 solet.
510 1428 574 1484 Nam
590 1444 680 1501 neque
695 1428 800 1501 priores
814 1429 875 1486 illae
890 1439 989 1497 sectae,
1013 1433 1079 1488 bar-

58 1513 202 1579 barismus,
226 1513 405 1588 Scythismus,
428 1513 588 1577 Iudaismus,
613 1520 747 1584 quatenus
767 1514 865 1572 Christi
888 1524 978 1572 ortum
1000 1527 1097 1573 ante-=

59 1601 154 1665 cessit,
180 1600 251 1656 inter
272 1599 405 1656 Haereses
428 1599 524 1655 merito
548 1606 742 1665 recensentem
765 1615 855 1673 neque
877 1599 946 1656 ullae
968 1602 1079 1674 proprie

60 1694 147 1742 sectae
162 1683 353 1749 Barbarorum,
377 1691 425 1740 aut
439 1683 600 1757 Scytharum
616 1681 736 1738 fuerunt.
762 1686 861 1757 Atque,
877 1693 908 1740 ut
923 1685 1078 1759 diligentius

59 1768 83 1826 iu
105 1769 274 1833 Hellenismi,
298 1767 432 1832 Iudaismi,
457 1785 487 1824 ac
510 1767 686 1823 Samaritismi
708 1769 812 1840 species
834 1769 994 1842 inquiratur,
1018 1771 1079 1845 ple·

60 1871 158 1928 raeque
181 1855 293 1910 forsitan
316 1869 467 1909 enumero
489 1861 638 1916 sectarum,
668 1853 722 1908 sive
744 1853 899 1910 Haereseon
923 1856 1078 1914 eximendae

61 1949 153 1996 amnt:
179 1938 212 1995 de
234 1955 286 2011 qua
309 1955 340 1994 rc
362 1938 485 2011 sparsim,
509 1954 540 1993 ac
562 1937 618 1992 suis
640 1935 707 1993 locis
723 1939 903 2011 opportunius
920 1950 1024 2013 agetur.
1047 1943 1077 1998 ln

60 2022 223 2080 hellenismo
246 2022 364 2095 quidem,
387 2039 449 2078 cum
472 2032 590 2095 quatuor
604 2023 792 2080 tantummodo
808 2032 896 2081 sectas
911 2023 1077 2099 Epiphanius

60 2116 200 2172 numeret,
224 2107 344 2163 infinitae
366 2107 476 2180 adiungi
492 2107 557 2162 aliae
572 2114 738 2180 potuerunt;
762 2126 877 2182 quarum
890 2109 1033 2184 plerasque
1049 2112 1077 2167 in

61 2194 129 2250 calce
153 2194 235 2248 huius
250 2192 351 2266 operis,
375 2191 402 2247 in
416 2191 479 2247 fidei
496 2191 648 2247 Catholicae
665 2192 831 2266 Compendio
846 2206 1008 2267 prosecutus
1024 2203 1075 2251 est.

60 2278 180 2335 literam
202 2277 256 2333 hoo
277 2277 304 2332 in
321 2277 432 2350 negotio
448 2276 673 2332 considerandum
689 2286 746 2344 est;
770 2279 889 2350 quamvis
906 2295 999 2335 omnes
1016 2280 1076 2336 illae

60 2372 147 2419 sectae
169 2362 241 2418 inter
262 2361 393 2418 haereses
416 2361 487 2416 haud
502 2362 636 2418 immerito
652 2372 824 2427 censeantur,
847 2379 1016 2436 nequaquam
1033 2374 1077 2420 ta-

60 2464 119 2504 men
140 2446 291 2520 Epiphanio
314 2444 517 2520 octogenarium
540 2445 615 2500 illum
639 2453 764 2501 constare
786 2463 938 2503 numerum.
969 2448 1075 2505 Etenim

60 2532 83 2588 in
97 2532 245 2606 partitione
260 2531 318 2605 ipsa
334 2540 426 2587 contra
444 2529 578 2586 dividendi
592 2538 737 2603 praecepta
752 2547 806 2586 non
822 2531 993 2588 mediocriter
1008 2551 1076 2607 pec-

60 2628 145 2674 catum
169 2624 224 2672 est:
251 2633 313 2672 cum
335 2614 467 2689 principio
489 2615 608 2688 quinque
631 2623 693 2671 ante
717 2614 852 2671 Christum
875 2611 1011 2674 sectarum
1034 2619 1076 2675 fa-

60 2702 135 2775 stigia
157 2708 364 2775 proponuntur,
387 2700 588 2765 barbarismus,
612 2699 790 2774 Scythismus,
814 2700 1004 2770 HelleuismuS,
1027 2706 1074 2762 lu-

59 2786 183 2856 daismus,
208 2785 423 2841 Samaritismus:
446 2802 477 2841 ac
500 2784 596 2841 deinde
619 2785 770 2858 posteriora
786 2786 836 2842 tria
850 2804 950 2861 genera
966 2789 993 2844 in
1008 2790 1073 2846 alias

59 2872 160 2944 species
191 2870 356 2926 tribuuntur.
400 2869 433 2926 lit
460 2870 637 2926 nihilominus
665 2887 764 2946 genera
786 2888 847 2928 cum
870 2873 999 2929 subiectis
1022 2874 1073 2930 sibi

57 2955 177 3028 partibus
200 2954 315 3010 eundem
337 2955 364 3010 in
386 2971 530 3017 numerum
552 2972 738 3028 summamque
764 2957 950 3013 conferuntur.
996 2958 1073 3026 Quod

58 3050 97 3097 est
119 3041 146 3095 in
170 3040 300 3095 divisione
320 3039 530 3095 vitiosissimum.
553 3039 646 3113 Neque
669 3040 739 3096 enim
763 3058 849 3114 genus
864 3033 941 3117 πρὸς
955 3034 993 3097 τὰ
1008 3034 1072 3115 εἴδη

56 3116 295 3197 ἆπιὸιαιρεΐται.
323 3123 357 3179 m
379 3124 401 3179 si
424 3125 511 3181 anima
533 3125 639 3198 vitaque
661 3125 812 3198 praeditum
835 3143 934 3199 corpus
956 3127 1072 3198 primum

56 3209 81 3265 in
104 3209 203 3266 animal
225 3225 256 3264 ac
277 3208 394 3282 plantam
417 3209 547 3282 partiare:
571 3218 630 3266 tum
652 3209 748 3265 animal
769 3210 796 3265 in
819 3218 964 3274 terrestre,
987 3226 1073 3282 aqua-

56 3293 116 3360 tile,
147 3293 272 3350 volatile:
303 3293 422 3367 plantam
443 3293 471 3349 ln
494 3293 621 3359 herbam,
650 3294 790 3359 fruticem,
821 3305 848 3351 et
873 3293 1012 3350 arborem:
1042 3311 1073 3351 ac

55 3378 152 3437 deinde
174 3377 295 3435 collectis
318 3377 452 3443 omnibus,
477 3387 539 3434 octo
561 3380 683 3453 corporis
699 3378 808 3434 animati
821 3388 912 3452 partes
928 3395 988 3434 esse
1003 3396 1072 3435 con-

55 3465 166 3528 stiuras:
188 3462 314 3519 nimirum
329 3462 435 3528 animal,
457 3464 585 3537 plantam,
607 3462 860 3540 terrestreqnimal,
880 3463 1005 3537 aquatile,
1023 3482 1073 3521 vo-

54 3548 141 3606 latile:
166 3547 287 3613 herbam,
311 3548 445 3617 fruticem,
469 3556 496 3604 et
517 3548 652 3604 arborem.
690 3549 729 3604 lta
751 3547 822 3604 enim
844 3549 915 3605 inter
936 3548 1072 3606 divisionis

53 3643 146 3707 partes
169 3650 270 3708 genera
291 3633 364 3707 ipsa,
391 3649 461 3707 quae
482 3625 651 3698 dividuntur,
674 3649 817 3706 perperam
839 3634 949 3691 referas.
994 3635 1072 3704 Quod
