2534 4154
162 281 224 344 314
520 300 552 321 ·,
583 308 588 326 =
617 295 731 346 reram

160 452 280 511 Sabbata
293 450 491 515 ieiunandum,
515 467 572 507 uno
594 451 724 508 duntaxat
745 462 873 526 excepto,
901 453 1040 528 quomodo
1063 454 1184 511 dicatum

160 557 176 594 a
198 539 263 602 suis,
287 536 400 610 perinde
420 553 452 592 ac
473 536 627 601 Catholicis,
651 538 751 594 ieiunio
769 538 917 595 Sabbatum
933 539 1115 595 Tertullianus
1138 541 1183 594 di·

161 640 224 679 cere
245 619 355 696 potuit‘l
383 621 498 677 Aliunde
520 622 603 695 igitur
623 624 778 695 quaerenda
802 633 845 680 est
865 623 918 678 loci
940 624 1012 680 illius
1027 623 1180 697 explicatio

142 707 235 776 'Quae
264 725 297 762 an
324 706 456 762 eiusmodi
477 707 565 779 possit
586 717 674 771 esset,
705 707 930 764 considerandum
953 718 1004 764 est.
1038 708 1181 765 :Nimirum
1213 760 1216 766 .

161 792 318 848 Tertulliani
344 802 476 864 tempore,
499 808 572 846 cum.
585 793 716 848 stationes
738 793 804 850 seria
826 802 921 866 quarta
939 802 1056 849 etsexta
1072 793 1179 857 tierent,

160 877 256 933 amhae
277 877 388 950 quidem
408 875 442 931 ad
464 893 563 932 nouam
586 877 715 933 duntaxat
737 877 832 933 horam
854 887 1015 950 prorogatae
1033 888 1108 943 sunt,
1133 879 1181 934 sed

160 963 225 1018 laria
249 970 343 1035 quarta
367 963 456 1016 statim
479 970 542 1034 post
564 962 688 1017 stationis
711 963 810 1018 exitum
829 964 978 1036 horamque
992 980 1093 1018 nonam
1109 963 1181 1018 ieiu-

160 1047 233 1102 nium
264 1045 369 1101 solvere
398 1046 501 1102 licitum
523 1047 582 1101 luit.
627 1047 706 1102 Sexta
728 1064 793 1103 vero
814 1049 894 1111 ieria,
925 1047 1032 1121 expleto
1055 1049 1181 1104 stationis

160 1140 298 1204 tempore,
328 1149 384 1188 non
406 1131 497 1186 statim
519 1131 559 1186 las
581 1140 639 1187 eret
660 1132 746 1196 vesci,
776 1133 824 1187 sed
845 1133 878 1187 ad
900 1149 1040 1206 vesperam
1062 1141 1179 1189 tantum.

160 1217 234 1272 ttnde
257 1217 322 1272 feria
345 1226 444 1290 quarta:
462 1216 667 1280 semiieiuaium,
691 1225 722 1272 ut
736 1217 918 1273 Eertullianus
939 1226 1025 1281 vocat,
1047 1217 1181 1274 ohserva-

160 1312 217 1358 tum
240 1310 291 1366 est,
315 1311 388 1358 senta
411 1301 551 1357 ieiumum.
591 1302 628 1356 lta
650 1302 788 1357 nonnullis
811 1303 838 1358 in
860 1303 936 1367 locis,
959 1312 990 1359 ut
1012 1303 1094 1376 paulo
1117 1298 1181 1376 p'ost

120 1414 126 1423 ¹
158 1396 276 1444 testatur
298 1387 472 1460 Epiphanius,
496 1386 561 1441 seria
583 1385 676 1458 quinta
698 1386 807 1443 maioris
829 1386 1015 1444 hebdomadae
1037 1404 1098 1444 oum
1122 1398 1181 1444 sta·

159 1476 248 1531 tiones
276 1482 303 1528 et
326 1473 444 1545 Synaxes
472 1471 505 1527 ad
532 1471 626 1527 horam
655 1488 753 1527 nonam
776 1472 987 1537 celebrarentur,
1012 1482 1179 1528 nontamen

159 1556 274 1615 subinde
296 1557 394 1612 ieiunia
416 1555 600 1612 solvebantur⁴
630 1555 664 1612 Et
684 1574 749 1613 vero
770 1558 886 1612 arctiore
908 1557 1010 1613 ieiunio
1025 1574 1056 1613 aa
1071 1557 1181 1614 diutur-

159 1645 236 1700 niore
263 1642 350 1697 inodia
379 1640 539 1696 celebranda
567 1640 624 1697 dios
646 1640 690 1696 illa
712 1641 815 1706 suerat,
844 1659 914 1714 quae
935 1642 1089 1698 Dominicae
1113 1637 1186 1697 Pas-f

158 1728 228 1784 sioni
251 1727 396 1800 praecipue
412 1734 603 1782 consecratur.
639 1726 769 1800 Equidem
792 1712 945 1783 consideo
968 1727 1088 1800 quidde
1111 1727 1181 1783 'ler-

159 1812 263 1868 tulliani
290 1811 352 1866 loco
380 1809 425 1866 illo
455 1810 505 1866 dici
533 1810 703 1883 probabilius>
730 1812 839 1884 possit:
871 1813 923 1866 lata
954 1828 1019 1867 vero
1046 1829 1096 1884 per
1118 1812 1179 1868 illos

159 1897 306 1952 stationum
330 1895 398 1958 dies,
420 1911 490 1967 quae
512 1913 573 1950 cum
594 1895 696 1951 ieiunio
719 1897 879 1952 coniunctae
902 1906 994 1962 eraut,
1018 1905 1114 1953 contra
1137 1905 1180 1953 at·

159 1998 212 2053 que
235 1981 260 2034 in
283 1978 431 2034 maioribus
451 1979 557 2035 ieiuniis
579 1981 704 2053 usurpari
727 1990 914 2047 consueverat,
937 1981 1028 2037 [liviam
1050 1983 1181 2055 mysteria

160 2074 187 2121 et
210 2064 338 2120 sacrificia
360 2063 575 2136 peragebantur,
604 2064 746 2120 distributa
774 2083 884 2139 quoque
906 2067 932 2121 in
957 2067 1049 2122 fideles
1071 2067 1181 2123 Eucha-

160 2151 248 2212 aistia,
278 2166 359 2224 quam
390 2159 478 2205 tamen
507 2165 561 2203 non
589 2147 707 2205 subinde
736 2151 762 2205 in
792 2167 823 2204 os
845 2151 947 2215 malici,
976 2152 1024 2206 sed
1048 2151 1179 2208 reservam

159 2244 287 2308 oportere
304 2233 484 2290 Tertullianus
506 2233 641 2299 admonet,
665 2237 691 2289 in
715 2235 787 2291 calae
810 2235 855 2291 lib.
879 2237 913 2291 de
929 2237 1002 2292 Orat.
1026 2236 1114 2294 donec
1129 2236 1175 2293 ab·

159 2321 247 2377 soluta
270 2321 305 2375 sit
327 2319 419 2375 statio*
446 2319 539 2392 Neque
561 2326 618 2375 tum
640 2321 861 2392 praetermissum
885 2321 991 2376 videtur
1005 2321 1080 2394 pacis
1096 2338 1179 2378 oscu-

159 2406 229 2470 lum,
259 2404 333 2478 quod
356 2420 412 2461 uno
433 2404 553 2461 Paschae
575 2404 618 2459 die
640 2405 821 2465 communiter
842 2405 875 2460 ab
899 2405 1024 2461 omnibus
1048 2406 1177 2462 omissum

158 2491 230 2547 idem
252 2494 354 2546 Auctor
375 2489 531 2562 significet.v
554 2489 608 2544 Sed
629 2490 662 2545 de
686 2490 763 2545 italiis
785 2489 965 2546 Ecclesiarum
987 2490 1086 2546 ritibus
1111 2509 1179 2548 con-

158 2576 217 2631 sule
240 2592 309 2647 quae
331 2576 358 2630 in
381 2574 524 2647 superiore
545 2573 611 2630 Nota
635 2592 667 2631 ex
682 2576 834 2648 Augustino
856 2584 884 2631 et
905 2577 1064 2632 innocentio
1087 2577 1180 2633 decla·

158 2659 284 2715 ravimus'.
314 2659 394 2714 Plura
416 2659 450 2714 de'
473 2660 525 2715 hoo
547 2659 693 2714 stationum
717 2660 770 2716 ritu
792 2661 960 2734 antiquitatis
974 2659 1178 2718 Ecclesiasticus

159 2743 273 2799 studiosi
301 2744 484 2815 pervestigare
511 2751 657 2816 poterunt,
685 2762 746 2800 cum
776 2754 804 2800 et
825 2763 877 2801 nos
898 2746 1028 2818 pleraque
1051 2747 1193 2802 consulto

158 2827 392 2902 praeterieramus,
416 2838 448 2882 ut
470 2845 500 2884 ea
524 2828 580 2884 sola
603 2830 861 2902 complecteremur,
885 2847 1001 2904 quornm
1025 2830 1177 2888 obscuritas

158 2913 246 2969 lucem
269 2911 384 2984 aliquam
407 2921 517 2968 nostrae
539 2913 729 2986 disputationis
751 2915 880 2987 exigeret.

106 3010 152 3063 359
206 3024 207 3028 1
251 2999 327 3055 1105
343 3014 368 3052 a.
399 2991 470 3070 δίχα
491 2989 588 3071 μόνης
608 2996 914 3074 τῆςιΠεντηκοστῆς]
943 2999 1008 3056 Vide
1030 3001 1177 3057 Nicaenum

159 3099 290 3139 canonem
314 3082 363 3138 ult.
388 3082 544 3138 Cassianum
561 3082 661 3140 delleta
674 3086 708 3141 21
736 3101 760 3140 c.
774 3089 783 3140 l
795 3089 820 3140 l.

244 3158 312 3223 οὔτε
335 3162 366 3222 ἐν
387 3168 426 3246 τῇ
447 3159 547 3247 ἡμέρᾳ
568 3169 630 3224 τῶν
648 3161 853 3244 Ἐπιφανίων]
880 3170 969 3225 linitis
992 3170 1076 3243 igitur
1090 3171 1177 3227 modis

157 3251 314 3309 admirabile
342 3261 384 3309 est
413 3253 552 3308 decretum
580 3253 646 3309 illud
675 3254 817 3326 Theophili
846 3255 1015 3310 Alexandrini
1040 3256 1176 3330 Episcopi,

118 3353 125 3366 ‘
158 3338 232 3412 quod
249 3337 330 3410 apud
354 3337 539 3394 balsamonem
567 3347 638 3394 extat
660 3357 686 3412 p.
701 3342 794 3396 1067:
824 3340 929 3413 inquo
952 3348 979 3396 et
1002 3339 1176 3414 Theophanis

158 3417 303 3497 νήστιμον
323 3413 441 3499 ἡμέραν
463 3426 524 3503 esse
545 3423 619 3487 dicit,
644 3433 671 3480 et
693 3424 820 3497 quoniam
843 3425 888 3480 illo
911 3442 981 3481 anno
1005 3425 1031 3480 in
1056 3426 1177 3482 bomini·

158 3523 215 3562 cam
237 3505 376 3571 inciderat,
399 3509 494 3581 paucis
516 3509 703 3564 muturnmodo
725 3510 837 3583 dactylis
860 3511 930 3566 vesci
953 3509 1037 3573 iubet,
1064 3529 1120 3584 quo
1143 3510 1175 3566 ab

158 3590 305 3646 haereticis
327 3593 466 3650 seiunctos
487 3610 519 3649 se
540 3611 603 3650 esse
623 3594 826 3668 profiterentur,
850 3595 897 3669 qui
913 3595 1067 3652 Dominio-ae
1082 3614 1177 3653 resurr
