<?xml version="1.0" encoding="UTF-8"?>
<!DOCTYPE html PUBLIC "-//W3C//DTD XHTML 1.0 Transitional//EN"
    "http://www.w3.org/TR/xhtml1/DTD/xhtml1-transitional.dtd">
<html xmlns="http://www.w3.org/1999/xhtml" xml:lang="en" lang="en">
 <head>
  <title>
</title>
<meta http-equiv="Content-Type" content="text/html;charset=utf-8" />
  <meta name='ocr-system' content='tesseract 3.04.00' />
  <meta name='ocr-capabilities' content='ocr_page ocr_carea ocr_par ocr_line ocrx_word'/>
</head>
<body>
  <div class='ocr_page' id='page_1' title='image "./epiphaniiepisco00epipgoog_0116.png"; bbox 0 0 2534 4154; ppageno 0'>
   <div class='ocr_carea' id='block_1_1' title="bbox 472 306 1129 367">
    <p class='ocr_par' dir='ltr' id='par_1_1' title="bbox 472 306 1129 367">
     <span class='ocr_line' id='line_1_1' title="bbox 472 306 1129 367; baseline 0.003 -2"><span class='ocrx_word' id='word_1_1' title='bbox 472 316 763 366; x_wconf 75' lang='lat' dir='ltr'>autuauvuustouus</span> <span class='ocrx_word' id='word_1_2' title='bbox 1089 306 1129 367; x_wconf 78' lang='lat'>25</span> 
     </span>
    </p>
   </div>
   <div class='ocr_carea' id='block_1_2' title="bbox 113 466 1129 716">
    <p class='ocr_par' dir='ltr' id='par_1_2' title="bbox 113 466 1129 716">
     <span class='ocr_line' id='line_1_2' title="bbox 117 466 1129 547; baseline 0.007 -23"><span class='ocrx_word' id='word_1_3' title='bbox 117 469 156 535; x_wconf 89' lang='lat' dir='ltr'>iis,</span> <span class='ocrx_word' id='word_1_4' title='bbox 187 486 256 542; x_wconf 90' lang='lat' dir='ltr'>quos</span> <span class='ocrx_word' id='word_1_5' title='bbox 287 471 424 526; x_wconf 82' lang='lat' dir='ltr'><strong>recensuit</strong></span> <span class='ocrx_word' id='word_1_6' title='bbox 452 472 632 544; x_wconf 72' lang='lat' dir='ltr'>Epiphanius,</span> <span class='ocrx_word' id='word_1_7' title='bbox 663 466 866 545; x_wconf 84' lang='lat' dir='ltr'>antiquissimus</span> <span class='ocrx_word' id='word_1_8' title='bbox 889 473 1056 547; x_wconf 87' lang='lat' dir='ltr'>Pythagoras</span> <span class='ocrx_word' id='word_1_9' title='bbox 1084 475 1129 531; x_wconf 86' lang='lat' dir='ltr'>diu</span> 
     </span>
     <span class='ocr_line' id='line_1_3' title="bbox 113 554 1129 634; baseline 0.006 -25"><span class='ocrx_word' id='word_1_10' title='bbox 113 566 169 627; x_wconf 91' lang='lat' dir='ltr'>post</span> <span class='ocrx_word' id='word_1_11' title='bbox 193 554 505 620; x_wconf 85' lang='lat' dir='ltr'>Nabuchodonosorum,</span> <span class='ocrx_word' id='word_1_12' title='bbox 530 566 592 612; x_wconf 88' lang='lat' dir='ltr'>ante</span> <span class='ocrx_word' id='word_1_13' title='bbox 607 558 712 613; x_wconf 80' lang='lat' dir='ltr'>Xerxen</span> <span class='ocrx_word' id='word_1_14' title='bbox 735 558 835 623; x_wconf 82' lang='lat' dir='ltr'>floruit,</span> <span class='ocrx_word' id='word_1_15' title='bbox 860 576 958 631; x_wconf 80' lang='lat' dir='ltr'>nempe</span> <span class='ocrx_word' id='word_1_16' title='bbox 974 560 1129 634; x_wconf 73' lang='lat' dir='ltr'>Olympiade</span> 
     </span>
     <span class='ocr_line' id='line_1_4' title="bbox 115 640 904 716; baseline 0.001 -20"><span class='ocrx_word' id='word_1_17' title='bbox 115 641 160 705; x_wconf 83' lang='lat'>60,</span> <span class='ocrx_word' id='word_1_18' title='bbox 185 648 217 696; x_wconf 93' lang='lat' dir='ltr'>ut</span> <span class='ocrx_word' id='word_1_19' title='bbox 239 640 374 714; x_wconf 81' lang='lat' dir='ltr'>Diogenes</span> <span class='ocrx_word' id='word_1_20' title='bbox 396 650 521 704; x_wconf 89' lang='lat' dir='ltr'>testatur,</span> <span class='ocrx_word' id='word_1_21' title='bbox 547 642 615 714; x_wconf 80' lang='lat' dir='ltr'>Cyro</span> <span class='ocrx_word' id='word_1_22' title='bbox 638 643 726 697; x_wconf 90' lang='lat' dir='ltr'>adhue</span> <span class='ocrx_word' id='word_1_23' title='bbox 749 644 904 716; x_wconf 71' lang='lat' dir='ltr'>superstite.</span> 
     </span>
    </p>
   </div>
   <div class='ocr_carea' id='block_1_3' title="bbox 370 844 870 902">
    <p class='ocr_par' dir='ltr' id='par_1_3' title="bbox 370 844 870 902">
     <span class='ocr_line' id='line_1_5' title="bbox 370 844 870 902; baseline 0.006 -4"><span class='ocrx_word' id='word_1_24' title='bbox 370 845 413 899; x_wconf 79' lang='lat' dir='ltr'>AD</span> <span class='ocrx_word' id='word_1_25' title='bbox 437 844 604 901; x_wconf 76' lang='lat' dir='ltr'>Hauuustu</span> <span class='ocrx_word' id='word_1_26' title='bbox 626 846 646 898; x_wconf 94' lang='lat' dir='ltr'>V</span> <span class='ocrx_word' id='word_1_27' title='bbox 669 846 870 902; x_wconf 85' lang='lat' dir='ltr'>STOlCODUll.</span> 
     </span>
    </p>
   </div>
   <div class='ocr_carea' id='block_1_4' title="bbox 105 956 1212 3058">
    <p class='ocr_par' dir='ltr' id='par_1_4' title="bbox 108 956 1212 1613">
     <span class='ocr_line' id='line_1_6' title="bbox 197 956 1130 1039; baseline 0.005 -20"><span class='ocrx_word' id='word_1_28' title='bbox 197 963 234 1019; x_wconf 84' lang='lat'>12</span> <span class='ocrx_word' id='word_1_29' title='bbox 250 960 278 1017; x_wconf 92' lang='lat' dir='ltr'>b.</span> <span class='ocrx_word' id='word_1_30' title='bbox 308 956 534 1037; x_wconf 74' lang='grc' dir='ltr'><em>μεταγγισμούς</em></span> <span class='ocrx_word' id='word_1_31' title='bbox 555 982 586 1020; x_wconf 76' lang='grc' dir='ltr'>τε</span> <span class='ocrx_word' id='word_1_32' title='bbox 604 964 727 1037; x_wconf 77' lang='grc' dir='ltr'>ψυχῶν]</span> <span class='ocrx_word' id='word_1_33' title='bbox 763 965 845 1020; x_wconf 79' lang='lat' dir='ltr'>Stoici</span> <span class='ocrx_word' id='word_1_34' title='bbox 869 966 982 1020; x_wconf 89' lang='lat' dir='ltr'>animam</span> <span class='ocrx_word' id='word_1_35' title='bbox 999 967 1130 1039; x_wconf 90' lang='lat' dir='ltr'>putabant</span> 
     </span>
     <span class='ocr_line' id='line_1_7' title="bbox 110 1043 1128 1126; baseline 0.006 -24"><span class='ocrx_word' id='word_1_36' title='bbox 110 1064 169 1103; x_wconf 91' lang='lat' dir='ltr'>esse</span> <span class='ocrx_word' id='word_1_37' title='bbox 194 1063 370 1120; x_wconf 81' lang='lat' dir='ltr'>corpoream:</span> <span class='ocrx_word' id='word_1_38' title='bbox 402 1047 525 1104; x_wconf 87' lang='lat' dir='ltr'>videlicet</span> <span class='ocrx_word' id='word_1_39' title='bbox 547 1049 667 1122; x_wconf 79' lang='grc' dir='ltr'><em>πνεῦμα</em></span> <span class='ocrx_word' id='word_1_40' title='bbox 688 1043 849 1126; x_wconf 66' lang='grc' dir='ltr'><em>ἔνθερμον,</em></span> <span class='ocrx_word' id='word_1_41' title='bbox 872 1059 903 1105; x_wconf 89' lang='lat' dir='ltr'>ut</span> <span class='ocrx_word' id='word_1_42' title='bbox 926 1051 962 1106; x_wconf 90' lang='lat' dir='ltr'>ait</span> <span class='ocrx_word' id='word_1_43' title='bbox 984 1051 1128 1126; x_wconf 83' lang='lat' dir='ltr'>Diogenes,</span> 
     </span>
     <span class='ocr_line' id='line_1_8' title="bbox 108 1131 1212 1210; baseline 0.005 -22"><span class='ocrx_word' id='word_1_44' title='bbox 108 1132 224 1205; x_wconf 89' lang='lat' dir='ltr'>ideoque</span> <span class='ocrx_word' id='word_1_45' title='bbox 247 1131 375 1202; x_wconf 12' lang='lat' dir='ltr'>interire*</span> <span class='ocrx_word' id='word_1_46' title='bbox 388 1142 451 1205; x_wconf 86' lang='lat' dir='ltr'>post</span> <span class='ocrx_word' id='word_1_47' title='bbox 474 1142 604 1188; x_wconf 86' lang='lat' dir='ltr'>mortem:</span> <span class='ocrx_word' id='word_1_48' title='bbox 636 1135 742 1191; x_wconf 89' lang='lat' dir='ltr'>tametsi</span> <span class='ocrx_word' id='word_1_49' title='bbox 765 1135 917 1206; x_wconf 80' lang='lat' dir='ltr'>aliquandiu</span> <span class='ocrx_word' id='word_1_50' title='bbox 940 1145 1003 1210; x_wconf 92' lang='lat' dir='ltr'>post</span> <span class='ocrx_word' id='word_1_51' title='bbox 1025 1137 1129 1193; x_wconf 88' lang='lat' dir='ltr'>obitum</span> <span class='ocrx_word' id='word_1_52' title='bbox 1209 1179 1212 1184; x_wconf 60' lang='grc'><strong>»</strong></span> 
     </span>
     <span class='ocr_line' id='line_1_9' title="bbox 109 1211 1130 1295; baseline 0.006 -23"><span class='ocrx_word' id='word_1_53' title='bbox 109 1226 240 1272; x_wconf 88' lang='lat' dir='ltr'>maneret.</span> <span class='ocrx_word' id='word_1_54' title='bbox 289 1211 541 1291; x_wconf 78' lang='grc' dir='ltr'><em>Μετεμψύχωσιν</em></span> <span class='ocrx_word' id='word_1_55' title='bbox 568 1236 630 1274; x_wconf 91' lang='lat' dir='ltr'>vero</span> <span class='ocrx_word' id='word_1_56' title='bbox 655 1219 805 1275; x_wconf 82' lang='lat' dir='ltr'>defendisse</span> <span class='ocrx_word' id='word_1_57' title='bbox 829 1219 935 1276; x_wconf 90' lang='lat' dir='ltr'>Stoicos</span> <span class='ocrx_word' id='word_1_58' title='bbox 959 1238 1091 1295; x_wconf 90' lang='lat' dir='ltr'>nusquam</span> <span class='ocrx_word' id='word_1_59' title='bbox 1115 1240 1130 1278; x_wconf 90' lang='lat' dir='ltr'>a</span> 
     </span>
     <span class='ocr_line' id='line_1_10' title="bbox 108 1301 1130 1380; baseline 0.005 -22"><span class='ocrx_word' id='word_1_60' title='bbox 108 1319 149 1358; x_wconf 91' lang='lat' dir='ltr'>me</span> <span class='ocrx_word' id='word_1_61' title='bbox 170 1302 273 1358; x_wconf 89' lang='lat' dir='ltr'>lectum</span> <span class='ocrx_word' id='word_1_62' title='bbox 296 1312 347 1357; x_wconf 92' lang='lat' dir='ltr'>est.</span> <span class='ocrx_word' id='word_1_63' title='bbox 378 1301 411 1358; x_wconf 83' lang='lat' dir='ltr'>Et</span> <span class='ocrx_word' id='word_1_64' title='bbox 427 1303 663 1359; x_wconf 80' lang='lat' dir='ltr'>hallucinationem</span> <span class='ocrx_word' id='word_1_65' title='bbox 679 1305 749 1360; x_wconf 92' lang='lat' dir='ltr'>hanc</span> <span class='ocrx_word' id='word_1_66' title='bbox 764 1321 823 1360; x_wconf 91' lang='lat' dir='ltr'>esse</span> <span class='ocrx_word' id='word_1_67' title='bbox 840 1305 1007 1370; x_wconf 87' lang='lat' dir='ltr'>crediderim,</span> <span class='ocrx_word' id='word_1_68' title='bbox 1032 1325 1130 1380; x_wconf 86' lang='lat' dir='ltr'>quem-</span> 
     </span>
     <span class='ocr_line' id='line_1_11' title="bbox 109 1386 1128 1461; baseline 0.006 -19"><span class='ocrx_word' id='word_1_69' title='bbox 109 1386 253 1443; x_wconf 90' lang='lat' dir='ltr'>admodum</span> <span class='ocrx_word' id='word_1_70' title='bbox 276 1396 303 1442; x_wconf 90' lang='lat' dir='ltr'>et</span> <span class='ocrx_word' id='word_1_71' title='bbox 326 1387 399 1461; x_wconf 86' lang='lat' dir='ltr'>quod</span> <span class='ocrx_word' id='word_1_72' title='bbox 421 1389 559 1460; x_wconf 90' lang='lat' dir='ltr'>sequitur,</span> <span class='ocrx_word' id='word_1_73' title='bbox 583 1389 761 1445; x_wconf 88' lang='lat' dir='ltr'>immortalem</span> <span class='ocrx_word' id='word_1_74' title='bbox 784 1389 913 1445; x_wconf 88' lang='lat' dir='ltr'>aStot&#39;cis</span> <span class='ocrx_word' id='word_1_75' title='bbox 937 1391 1051 1446; x_wconf 88' lang='lat' dir='ltr'>animam</span> <span class='ocrx_word' id='word_1_76' title='bbox 1068 1410 1128 1448; x_wconf 89' lang='lat' dir='ltr'>esse</span> 
     </span>
     <span class='ocr_line' id='line_1_12' title="bbox 110 1472 1127 1548; baseline 0.005 -21"><span class='ocrx_word' id='word_1_77' title='bbox 110 1472 293 1528; x_wconf 88' lang='lat' dir='ltr'>constitutam.</span> <span class='ocrx_word' id='word_1_78' title='bbox 325 1472 403 1540; x_wconf 81' lang='lat' dir='ltr'>Quod</span> <span class='ocrx_word' id='word_1_79' title='bbox 425 1472 520 1529; x_wconf 83' lang='lat' dir='ltr'>falsum</span> <span class='ocrx_word' id='word_1_80' title='bbox 545 1481 595 1528; x_wconf 90' lang='lat' dir='ltr'>est.</span> <span class='ocrx_word' id='word_1_81' title='bbox 628 1474 690 1530; x_wconf 92' lang='lat' dir='ltr'>Vide</span> <span class='ocrx_word' id='word_1_82' title='bbox 712 1475 749 1530; x_wconf 89' lang='lat' dir='ltr'>sis</span> <span class='ocrx_word' id='word_1_83' title='bbox 765 1474 921 1548; x_wconf 87' lang='lat' dir='ltr'>Diogenem,</span> <span class='ocrx_word' id='word_1_84' title='bbox 947 1484 974 1530; x_wconf 93' lang='lat' dir='ltr'>et</span> <span class='ocrx_word' id='word_1_85' title='bbox 990 1475 1127 1532; x_wconf 85' lang='lat' dir='ltr'>Plutarch.</span> 
     </span>
     <span class='ocr_line' id='line_1_13' title="bbox 110 1556 363 1613; baseline -0.008 -1"><span class='ocrx_word' id='word_1_86' title='bbox 110 1557 139 1613; x_wconf 91' lang='lat' dir='ltr'>de</span> <span class='ocrx_word' id='word_1_87' title='bbox 162 1557 272 1612; x_wconf 88' lang='lat' dir='ltr'>Placitis</span> <span class='ocrx_word' id='word_1_88' title='bbox 294 1556 363 1611; x_wconf 92' lang='lat' dir='ltr'>Phil.</span> 
     </span>
    </p>

    <p class='ocr_par' dir='ltr' id='par_1_5' title="bbox 106 1633 1167 2479">
     <span class='ocr_line' id='line_1_14' title="bbox 195 1633 1167 1718; baseline 0.006 -20"><span class='ocrx_word' id='word_1_89' title='bbox 195 1641 276 1700; x_wconf 78' lang='lat' dir='ltr'>aab.</span> <span class='ocrx_word' id='word_1_90' title='bbox 308 1634 337 1696; x_wconf 75' lang='lat' dir='ltr'>oi</span> <span class='ocrx_word' id='word_1_91' title='bbox 357 1634 414 1714; x_wconf 77' lang='grc' dir='ltr'>μὲν</span> <span class='ocrx_word' id='word_1_92' title='bbox 434 1633 492 1718; x_wconf 72' lang='grc' dir='ltr'>γὰρ</span> <span class='ocrx_word' id='word_1_93' title='bbox 517 1634 611 1698; x_wconf 81' lang='grc' dir='ltr'><em>αὐτὸν</em></span> <span class='ocrx_word' id='word_1_94' title='bbox 632 1635 766 1717; x_wconf 66' lang='grc' dir='ltr'>ἔφασαν]</span> <span class='ocrx_word' id='word_1_95' title='bbox 805 1645 876 1699; x_wconf 88' lang='lat' dir='ltr'>Zeno</span> <span class='ocrx_word' id='word_1_96' title='bbox 900 1645 1007 1699; x_wconf 90' lang='lat' dir='ltr'>Stoicae</span> <span class='ocrx_word' id='word_1_97' title='bbox 1037 1653 1127 1702; x_wconf 87' lang='lat' dir='ltr'>sectae</span> <span class='ocrx_word' id='word_1_98' title='bbox 1140 1654 1167 1705; x_wconf 79' lang='lat' dir='ltr'>tt</span> 
     </span>
     <span class='ocr_line' id='line_1_15' title="bbox 109 1726 1127 1804; baseline 0.003 -22"><span class='ocrx_word' id='word_1_99' title='bbox 109 1727 234 1783; x_wconf 89' lang='lat' dir='ltr'>conditor</span> <span class='ocrx_word' id='word_1_100' title='bbox 256 1727 395 1792; x_wconf 89' lang='lat' dir='ltr'>llnaseae,</span> <span class='ocrx_word' id='word_1_101' title='bbox 425 1726 479 1781; x_wconf 89' lang='lat' dir='ltr'>sive</span> <span class='ocrx_word' id='word_1_102' title='bbox 503 1728 617 1782; x_wconf 88' lang='lat' dir='ltr'>Demeae</span> <span class='ocrx_word' id='word_1_103' title='bbox 641 1728 669 1782; x_wconf 83' lang='lat' dir='ltr'>F.</span> <span class='ocrx_word' id='word_1_104' title='bbox 695 1728 833 1794; x_wconf 57' lang='lat' dir='ltr'>Citiensis</span> <span class='ocrx_word' id='word_1_105' title='bbox 865 1747 896 1784; x_wconf 86' lang='lat' dir='ltr'>ex</span> <span class='ocrx_word' id='word_1_106' title='bbox 925 1729 1024 1802; x_wconf 89' lang='lat' dir='ltr'>oppido</span> <span class='ocrx_word' id='word_1_107' title='bbox 1049 1730 1127 1804; x_wconf 82' lang='lat' dir='ltr'>Cypri</span> 
     </span>
     <span class='ocr_line' id='line_1_16' title="bbox 107 1811 1128 1887; baseline 0.003 -19"><span class='ocrx_word' id='word_1_108' title='bbox 107 1811 219 1875; x_wconf 88' lang='lat' dir='ltr'>insulae,</span> <span class='ocrx_word' id='word_1_109' title='bbox 245 1821 274 1866; x_wconf 91' lang='lat' dir='ltr'>ut</span> <span class='ocrx_word' id='word_1_110' title='bbox 297 1811 419 1866; x_wconf 78' lang='lat' dir='ltr'>Laertius</span> <span class='ocrx_word' id='word_1_111' title='bbox 443 1821 470 1866; x_wconf 93' lang='lat' dir='ltr'>et</span> <span class='ocrx_word' id='word_1_112' title='bbox 492 1812 588 1868; x_wconf 90' lang='lat' dir='ltr'>Suidas</span> <span class='ocrx_word' id='word_1_113' title='bbox 610 1821 734 1868; x_wconf 90' lang='lat' dir='ltr'>narrant:</span> <span class='ocrx_word' id='word_1_114' title='bbox 760 1813 793 1868; x_wconf 92' lang='lat' dir='ltr'>de</span> <span class='ocrx_word' id='word_1_115' title='bbox 818 1814 946 1870; x_wconf 82' lang='lat' dir='ltr'>Cleanthe</span> <span class='ocrx_word' id='word_1_116' title='bbox 970 1815 1048 1887; x_wconf 76' lang='lat' dir='ltr'>Tyrio</span> <span class='ocrx_word' id='word_1_117' title='bbox 1076 1817 1128 1871; x_wconf 90' lang='lat' dir='ltr'>Ze-</span> 
     </span>
     <span class='ocr_line' id='line_1_17' title="bbox 107 1889 1128 1970; baseline 0.003 -17"><span class='ocrx_word' id='word_1_118' title='bbox 107 1897 185 1954; x_wconf 84' lang='lat' dir='ltr'>nonis</span> <span class='ocrx_word' id='word_1_119' title='bbox 208 1906 285 1970; x_wconf 89' lang='lat' dir='ltr'>patre</span> <span class='ocrx_word' id='word_1_120' title='bbox 309 1896 375 1952; x_wconf 88' lang='lat' dir='ltr'>nihil</span> <span class='ocrx_word' id='word_1_121' title='bbox 391 1897 520 1968; x_wconf 87' lang='lat' dir='ltr'>comperi.</span> <span class='ocrx_word' id='word_1_122' title='bbox 553 1898 711 1970; x_wconf 84' lang='lat' dir='ltr'>Quanquam</span> <span class='ocrx_word' id='word_1_123' title='bbox 727 1899 783 1954; x_wconf 89' lang='lat' dir='ltr'>scio</span> <span class='ocrx_word' id='word_1_124' title='bbox 800 1889 922 1955; x_wconf 71' lang='grc' dir='ltr'><em>ἄνωθεν</em></span> <span class='ocrx_word' id='word_1_125' title='bbox 937 1899 1020 1955; x_wconf 85' lang='lat' dir='ltr'>fuisse</span> <span class='ocrx_word' id='word_1_126' title='bbox 1036 1900 1128 1957; x_wconf 93' lang='lat' dir='ltr'>Phoe-</span> 
     </span>
     <span class='ocr_line' id='line_1_18' title="bbox 107 1981 1129 2058; baseline 0.003 -20"><span class='ocrx_word' id='word_1_127' title='bbox 107 1982 211 2038; x_wconf 88' lang='lat' dir='ltr'>nicem:</span> <span class='ocrx_word' id='word_1_128' title='bbox 241 1981 312 2054; x_wconf 87' lang='lat' dir='ltr'>quod</span> <span class='ocrx_word' id='word_1_129' title='bbox 337 1981 452 2036; x_wconf 85' lang='lat' dir='ltr'>Citiense</span> <span class='ocrx_word' id='word_1_130' title='bbox 476 1982 604 2054; x_wconf 92' lang='lat' dir='ltr'>oppidum</span> <span class='ocrx_word' id='word_1_131' title='bbox 628 2000 641 2037; x_wconf 92' lang='lat' dir='ltr'>a</span> <span class='ocrx_word' id='word_1_132' title='bbox 665 1983 848 2040; x_wconf 86' lang='lat' dir='ltr'>Phoenicibus</span> <span class='ocrx_word' id='word_1_133' title='bbox 872 1984 975 2041; x_wconf 89' lang='lat' dir='ltr'>colonis</span> <span class='ocrx_word' id='word_1_134' title='bbox 997 1985 1129 2058; x_wconf 83' lang='lat' dir='ltr'>frequen-</span> 
     </span>
     <span class='ocr_line' id='line_1_19' title="bbox 108 2062 1129 2136; baseline 0.003 -14"><span class='ocrx_word' id='word_1_135' title='bbox 108 2075 192 2124; x_wconf 88' lang='lat' dir='ltr'>tatum</span> <span class='ocrx_word' id='word_1_136' title='bbox 220 2066 311 2122; x_wconf 86' lang='lat' dir='ltr'>luerit.</span> <span class='ocrx_word' id='word_1_137' title='bbox 356 2066 507 2134; x_wconf 82' lang='lat' dir='ltr'>Quinetiam</span> <span class='ocrx_word' id='word_1_138' title='bbox 536 2068 620 2122; x_wconf 91' lang='lat' dir='ltr'>civem</span> <span class='ocrx_word' id='word_1_139' title='bbox 648 2067 723 2123; x_wconf 86' lang='lat' dir='ltr'>illurn</span> <span class='ocrx_word' id='word_1_140' title='bbox 751 2069 906 2125; x_wconf 86' lang='lat' dir='ltr'>vendicasse</span> <span class='ocrx_word' id='word_1_141' title='bbox 930 2068 980 2124; x_wconf 90' lang='lat' dir='ltr'>sibi</span> <span class='ocrx_word' id='word_1_142' title='bbox 1003 2062 1076 2136; x_wconf 72' lang='grc' dir='ltr'><strong><em>τοὺς</em></strong></span> <span class='ocrx_word' id='word_1_143' title='bbox 1098 2065 1129 2127; x_wconf 77' lang='grc' dir='ltr'>ἓν</span> 
     </span>
     <span class='ocr_line' id='line_1_20' title="bbox 106 2147 1127 2227; baseline 0.002 -19"><span class='ocrx_word' id='word_1_144' title='bbox 106 2147 219 2209; x_wconf 76' lang='grc' dir='ltr'><em>Σιδῶνι</em></span> <span class='ocrx_word' id='word_1_145' title='bbox 235 2147 350 2217; x_wconf 77' lang='grc' dir='ltr'><em>Κιτιεῖς</em></span> <span class='ocrx_word' id='word_1_146' title='bbox 371 2152 470 2206; x_wconf 91' lang='lat' dir='ltr'>author</span> <span class='ocrx_word' id='word_1_147' title='bbox 486 2159 527 2206; x_wconf 91' lang='lat' dir='ltr'>est</span> <span class='ocrx_word' id='word_1_148' title='bbox 542 2153 674 2208; x_wconf 80' lang='lat' dir='ltr'>Laertius.</span> <span class='ocrx_word' id='word_1_149' title='bbox 705 2153 776 2227; x_wconf 81' lang='lat' dir='ltr'>Ergo</span> <span class='ocrx_word' id='word_1_150' title='bbox 794 2154 888 2210; x_wconf 87' lang='lat' dir='ltr'>Citium</span> <span class='ocrx_word' id='word_1_151' title='bbox 906 2154 977 2209; x_wconf 89' lang='lat' dir='ltr'>aliud</span> <span class='ocrx_word' id='word_1_152' title='bbox 993 2155 1019 2209; x_wconf 90' lang='lat' dir='ltr'>in</span> <span class='ocrx_word' id='word_1_153' title='bbox 1035 2155 1127 2210; x_wconf 91' lang='lat' dir='ltr'>Phoe-</span> 
     </span>
     <span class='ocr_line' id='line_1_21' title="bbox 108 2235 1127 2310; baseline 0.003 -18"><span class='ocrx_word' id='word_1_154' title='bbox 108 2237 164 2294; x_wconf 86' lang='lat' dir='ltr'>nice</span> <span class='ocrx_word' id='word_1_155' title='bbox 188 2236 327 2310; x_wconf 88' lang='lat' dir='ltr'>oppidum.</span> <span class='ocrx_word' id='word_1_156' title='bbox 358 2235 479 2308; x_wconf 88' lang='lat' dir='ltr'>Denique</span> <span class='ocrx_word' id='word_1_157' title='bbox 502 2237 638 2292; x_wconf 88' lang='lat' dir='ltr'>Zenonem</span> <span class='ocrx_word' id='word_1_158' title='bbox 660 2238 811 2293; x_wconf 83' lang='lat' dir='ltr'>Poenuluur</span> <span class='ocrx_word' id='word_1_159' title='bbox 834 2239 869 2295; x_wconf 92' lang='lat' dir='ltr'>oh</span> <span class='ocrx_word' id='word_1_160' title='bbox 892 2239 919 2293; x_wconf 90' lang='lat' dir='ltr'>id</span> <span class='ocrx_word' id='word_1_161' title='bbox 941 2238 1058 2310; x_wconf 92' lang='lat' dir='ltr'>appellat</span> <span class='ocrx_word' id='word_1_162' title='bbox 1082 2240 1127 2295; x_wconf 94' lang='lat' dir='ltr'>Ci-</span> 
     </span>
     <span class='ocr_line' id='line_1_22' title="bbox 107 2321 1127 2393; baseline 0 -16"><span class='ocrx_word' id='word_1_163' title='bbox 107 2337 167 2378; x_wconf 88' lang='lat' dir='ltr'>cero</span> <span class='ocrx_word' id='word_1_164' title='bbox 192 2321 210 2377; x_wconf 93' lang='lat' dir='ltr'>l.</span> <span class='ocrx_word' id='word_1_165' title='bbox 229 2325 246 2379; x_wconf 87' lang='grc'>4</span> <span class='ocrx_word' id='word_1_166' title='bbox 270 2321 372 2376; x_wconf 88' lang='lat' dir='ltr'>defin.</span> <span class='ocrx_word' id='word_1_167' title='bbox 395 2321 498 2376; x_wconf 77' lang='lat' dir='ltr'>Postea</span> <span class='ocrx_word' id='word_1_168' title='bbox 521 2330 583 2376; x_wconf 75' lang='lat' dir='ltr'>tuus</span> <span class='ocrx_word' id='word_1_169' title='bbox 606 2323 655 2378; x_wconf 82' lang='lat' dir='ltr'>ille</span> <span class='ocrx_word' id='word_1_170' title='bbox 670 2323 812 2379; x_wconf 83' lang='lat' dir='ltr'>Poenulus</span> <span class='ocrx_word' id='word_1_171' title='bbox 829 2324 899 2393; x_wconf 82' lang='lat' dir='ltr'>(scis</span> <span class='ocrx_word' id='word_1_172' title='bbox 916 2324 988 2377; x_wconf 84' lang='lat' dir='ltr'>euim</span> <span class='ocrx_word' id='word_1_173' title='bbox 1006 2322 1127 2379; x_wconf 77' lang='lat' dir='ltr'>Citiaeos</span> 
     </span>
     <span class='ocr_line' id='line_1_23' title="bbox 107 2405 704 2479; baseline 0.003 -19"><span class='ocrx_word' id='word_1_174' title='bbox 107 2407 220 2464; x_wconf 83' lang='lat' dir='ltr'>clientes</span> <span class='ocrx_word' id='word_1_175' title='bbox 243 2413 303 2461; x_wconf 83' lang='lat' dir='ltr'>tuos</span> <span class='ocrx_word' id='word_1_176' title='bbox 327 2424 341 2459; x_wconf 87' lang='lat' dir='ltr'>e</span> <span class='ocrx_word' id='word_1_177' title='bbox 362 2405 518 2468; x_wconf 82' lang='lat' dir='ltr'>Phoenicia</span> <span class='ocrx_word' id='word_1_178' title='bbox 535 2407 704 2479; x_wconf 76' lang='lat' dir='ltr'>profectos).</span> 
     </span>
    </p>

    <p class='ocr_par' dir='ltr' id='par_1_6' title="bbox 105 2481 1127 3058">
     <span class='ocr_line' id='line_1_24' title="bbox 190 2481 1127 2568; baseline 0.003 -23.053"><span class='ocrx_word' id='word_1_179' title='bbox 190 2487 223 2547; x_wconf 75' lang='grc' dir='ltr'>ἐν</span> <span class='ocrx_word' id='word_1_180' title='bbox 240 2481 343 2568; x_wconf 81' lang='grc' dir='ltr'>Ῥώμη</span> <span class='ocrx_word' id='word_1_181' title='bbox 367 2485 400 2546; x_wconf 74' lang='grc' dir='ltr'>δὲ</span> <span class='ocrx_word' id='word_1_182' title='bbox 420 2484 612 2562; x_wconf 65' lang='lat' dir='ltr'>destinauerat]</span> <span class='ocrx_word' id='word_1_183' title='bbox 651 2494 671 2546; x_wconf 86' lang='grc' dir='ltr'>Α</span> <span class='ocrx_word' id='word_1_184' title='bbox 695 2508 749 2563; x_wconf 91' lang='lat' dir='ltr'>quo</span> <span class='ocrx_word' id='word_1_185' title='bbox 773 2492 839 2545; x_wconf 89' lang='lat' dir='ltr'>haee</span> <span class='ocrx_word' id='word_1_186' title='bbox 862 2490 984 2546; x_wconf 90' lang='lat' dir='ltr'>didicerit</span> <span class='ocrx_word' id='word_1_187' title='bbox 1007 2491 1127 2565; x_wconf 87' lang='lat' dir='ltr'>Epipha-</span> 
     </span>
     <span class='ocr_line' id='line_1_25' title="bbox 105 2567 1124 2651; baseline 0.001 -19"><span class='ocrx_word' id='word_1_188' title='bbox 105 2577 174 2643; x_wconf 89' lang='lat' dir='ltr'>nius,</span> <span class='ocrx_word' id='word_1_189' title='bbox 199 2576 310 2632; x_wconf 90' lang='lat' dir='ltr'>heasset</span> <span class='ocrx_word' id='word_1_190' title='bbox 331 2591 391 2641; x_wconf 88' lang='lat' dir='ltr'>nos,</span> <span class='ocrx_word' id='word_1_191' title='bbox 415 2575 437 2630; x_wconf 93' lang='lat' dir='ltr'>si</span> <span class='ocrx_word' id='word_1_192' title='bbox 461 2574 558 2630; x_wconf 76' lang='lat' dir='ltr'>locere</span> <span class='ocrx_word' id='word_1_193' title='bbox 581 2575 720 2631; x_wconf 90' lang='lat' dir='ltr'>voluisset.</span> <span class='ocrx_word' id='word_1_194' title='bbox 766 2575 928 2630; x_wconf 87' lang='lat' dir='ltr'>Crediderim</span> <span class='ocrx_word' id='word_1_195' title='bbox 948 2567 1070 2651; x_wconf 81' lang='grc' dir='ltr'>Ῥώμην</span> <span class='ocrx_word' id='word_1_196' title='bbox 1091 2578 1124 2634; x_wconf 91' lang='lat' dir='ltr'>ab</span> 
     </span>
     <span class='ocr_line' id='line_1_26' title="bbox 108 2659 1125 2735; baseline 0.003 -17"><span class='ocrx_word' id='word_1_197' title='bbox 108 2678 136 2718; x_wconf 92' lang='lat' dir='ltr'>eo</span> <span class='ocrx_word' id='word_1_198' title='bbox 159 2678 211 2735; x_wconf 91' lang='lat' dir='ltr'>pro</span> <span class='ocrx_word' id='word_1_199' title='bbox 234 2660 307 2717; x_wconf 91' lang='lat' dir='ltr'>ltalia</span> <span class='ocrx_word' id='word_1_200' title='bbox 330 2661 414 2725; x_wconf 84' lang='lat' dir='ltr'>sumi,</span> <span class='ocrx_word' id='word_1_201' title='bbox 439 2668 466 2715; x_wconf 89' lang='lat' dir='ltr'>et</span> <span class='ocrx_word' id='word_1_202' title='bbox 480 2659 601 2716; x_wconf 83' lang='lat' dir='ltr'>Eleatem</span> <span class='ocrx_word' id='word_1_203' title='bbox 617 2661 753 2728; x_wconf 87' lang='lat' dir='ltr'>Zenonem</span> <span class='ocrx_word' id='word_1_204' title='bbox 776 2677 837 2716; x_wconf 91' lang='lat' dir='ltr'>eum</span> <span class='ocrx_word' id='word_1_205' title='bbox 854 2660 965 2718; x_wconf 91' lang='lat' dir='ltr'>Citiensi</span> <span class='ocrx_word' id='word_1_206' title='bbox 987 2663 1125 2721; x_wconf 86' lang='lat' dir='ltr'>conlundi</span> 
     </span>
     <span class='ocr_line' id='line_1_27' title="bbox 105 2744 1126 2822; baseline 0.003 -20"><span class='ocrx_word' id='word_1_207' title='bbox 105 2745 168 2802; x_wconf 91' lang='lat' dir='ltr'>Nam</span> <span class='ocrx_word' id='word_1_208' title='bbox 191 2745 307 2808; x_wconf 83' lang='lat' dir='ltr'>dubitat,</span> <span class='ocrx_word' id='word_1_209' title='bbox 332 2745 421 2800; x_wconf 92' lang='lat' dir='ltr'>duone</span> <span class='ocrx_word' id='word_1_210' title='bbox 443 2744 545 2800; x_wconf 89' lang='lat' dir='ltr'>suerint</span> <span class='ocrx_word' id='word_1_211' title='bbox 567 2745 646 2801; x_wconf 79' lang='lat' dir='ltr'>anthe</span> <span class='ocrx_word' id='word_1_212' title='bbox 670 2746 724 2810; x_wconf 89' lang='lat' dir='ltr'>isti,</span> <span class='ocrx_word' id='word_1_213' title='bbox 749 2762 781 2801; x_wconf 90' lang='lat' dir='ltr'>an</span> <span class='ocrx_word' id='word_1_214' title='bbox 805 2763 875 2802; x_wconf 91' lang='lat' dir='ltr'>unus</span> <span class='ocrx_word' id='word_1_215' title='bbox 899 2746 1053 2804; x_wconf 87' lang='lat' dir='ltr'>Stoicorum</span> <span class='ocrx_word' id='word_1_216' title='bbox 1076 2767 1126 2822; x_wconf 90' lang='lat' dir='ltr'>pa-</span> 
     </span>
     <span class='ocr_line' id='line_1_28' title="bbox 106 2830 1125 2906; baseline 0.003 -20"><span class='ocrx_word' id='word_1_217' title='bbox 106 2839 154 2888; x_wconf 89' lang='lat' dir='ltr'>ter.</span> <span class='ocrx_word' id='word_1_218' title='bbox 200 2831 263 2886; x_wconf 81' lang='lat' dir='ltr'>Fuit</span> <span class='ocrx_word' id='word_1_219' title='bbox 291 2839 381 2886; x_wconf 89' lang='lat' dir='ltr'>autem</span> <span class='ocrx_word' id='word_1_220' title='bbox 404 2831 543 2886; x_wconf 87' lang='lat' dir='ltr'>Zenonum</span> <span class='ocrx_word' id='word_1_221' title='bbox 573 2831 642 2887; x_wconf 89' lang='lat' dir='ltr'>alter</span> <span class='ocrx_word' id='word_1_222' title='bbox 665 2830 772 2887; x_wconf 84' lang='lat' dir='ltr'>Eleates</span> <span class='ocrx_word' id='word_1_223' title='bbox 801 2849 832 2886; x_wconf 86' lang='lat' dir='ltr'>ex</span> <span class='ocrx_word' id='word_1_224' title='bbox 855 2832 939 2889; x_wconf 90' lang='lat' dir='ltr'>ltalia.</span> <span class='ocrx_word' id='word_1_225' title='bbox 976 2833 1029 2889; x_wconf 89' lang='lat' dir='ltr'>Sed</span> <span class='ocrx_word' id='word_1_226' title='bbox 1053 2835 1125 2906; x_wconf 90' lang='lat' dir='ltr'>quod</span> 
     </span>
     <span class='ocr_line' id='line_1_29' title="bbox 106 2913 1124 2990; baseline -0.002 -16"><span class='ocrx_word' id='word_1_227' title='bbox 106 2917 198 2974; x_wconf 84' lang='lat' dir='ltr'>ambos</span> <span class='ocrx_word' id='word_1_228' title='bbox 223 2915 286 2971; x_wconf 88' lang='lat' dir='ltr'>dicit</span> <span class='ocrx_word' id='word_1_229' title='bbox 308 2915 400 2970; x_wconf 90' lang='lat' dir='ltr'>eadem</span> <span class='ocrx_word' id='word_1_230' title='bbox 424 2913 552 2970; x_wconf 90' lang='lat' dir='ltr'>hahuisse</span> <span class='ocrx_word' id='word_1_231' title='bbox 577 2916 711 2990; x_wconf 86' lang='lat' dir='ltr'>dogmata,</span> <span class='ocrx_word' id='word_1_232' title='bbox 735 2917 799 2973; x_wconf 90' lang='lat' dir='ltr'>satis</span> <span class='ocrx_word' id='word_1_233' title='bbox 823 2934 854 2972; x_wconf 85' lang='lat' dir='ltr'>ex</span> <span class='ocrx_word' id='word_1_234' title='bbox 869 2916 988 2990; x_wconf 82' lang='lat' dir='ltr'>Diogene</span> <span class='ocrx_word' id='word_1_235' title='bbox 1012 2918 1124 2990; x_wconf 88' lang='lat' dir='ltr'>aliisque</span> 
     </span>
     <span class='ocr_line' id='line_1_30' title="bbox 106 3002 336 3058; baseline 0 -2"><span class='ocrx_word' id='word_1_236' title='bbox 106 3002 246 3058; x_wconf 87' lang='lat' dir='ltr'>refeDitur.</span> <span class='ocrx_word' id='word_1_237' title='bbox 333 3041 336 3044; x_wconf 28' lang='lat'><strong>⁴</strong></span> 
     </span>
    </p>
   </div>
   <div class='ocr_carea' id='block_1_5' title="bbox 326 3150 907 3208">
    <p class='ocr_par' dir='ltr' id='par_1_7' title="bbox 326 3150 907 3208">
     <span class='ocr_line' id='line_1_31' title="bbox 326 3150 907 3208; baseline 0.002 -1"><span class='ocrx_word' id='word_1_238' title='bbox 326 3152 368 3207; x_wconf 80' lang='lat' dir='ltr'>AD</span> <span class='ocrx_word' id='word_1_239' title='bbox 393 3150 560 3208; x_wconf 79' lang='lat' dir='ltr'>lldEllDSlN</span> <span class='ocrx_word' id='word_1_240' title='bbox 582 3152 613 3207; x_wconf 92' lang='lat' dir='ltr'>Vl</span> <span class='ocrx_word' id='word_1_241' title='bbox 636 3151 907 3208; x_wconf 81' lang='lat' dir='ltr'>PLATDNlCORUDl.</span> 
     </span>
    </p>
   </div>
   <div class='ocr_carea' id='block_1_6' title="bbox 103 3261 1125 3688">
    <p class='ocr_par' dir='ltr' id='par_1_8' title="bbox 103 3261 1125 3688">
     <span class='ocr_line' id='line_1_32' title="bbox 193 3261 1123 3348; baseline -0.006 -18"><span class='ocrx_word' id='word_1_242' title='bbox 193 3276 230 3330; x_wconf 84' lang='lat'>14</span> <span class='ocrx_word' id='word_1_243' title='bbox 247 3289 270 3327; x_wconf 90' lang='lat' dir='ltr'>a.</span> <span class='ocrx_word' id='word_1_244' title='bbox 301 3272 339 3348; x_wconf 81' lang='grc' dir='ltr'>τῇ</span> <span class='ocrx_word' id='word_1_245' title='bbox 360 3261 646 3344; x_wconf 80' lang='grc' dir='ltr'><strong><em>μετενσωματώσει]</em></strong></span> <span class='ocrx_word' id='word_1_246' title='bbox 685 3271 811 3327; x_wconf 87' lang='lat' dir='ltr'>Socrates</span> <span class='ocrx_word' id='word_1_247' title='bbox 841 3270 912 3342; x_wconf 91' lang='lat' dir='ltr'>apud</span> <span class='ocrx_word' id='word_1_248' title='bbox 934 3269 1073 3324; x_wconf 89' lang='lat' dir='ltr'>Platonem</span> <span class='ocrx_word' id='word_1_249' title='bbox 1096 3271 1123 3324; x_wconf 96' lang='lat' dir='ltr'>in</span> 
     </span>
     <span class='ocr_line' id='line_1_33' title="bbox 104 3353 1125 3429; baseline -0.004 -14"><span class='ocrx_word' id='word_1_250' title='bbox 104 3357 248 3415; x_wconf 89' lang='lat' dir='ltr'>Phaedone</span> <span class='ocrx_word' id='word_1_251' title='bbox 272 3357 304 3412; x_wconf 91' lang='lat' dir='ltr'>de</span> <span class='ocrx_word' id='word_1_252' title='bbox 327 3357 380 3412; x_wconf 87' lang='lat' dir='ltr'>hoe</span> <span class='ocrx_word' id='word_1_253' title='bbox 402 3357 528 3429; x_wconf 82' lang='lat' dir='ltr'>dogmate</span> <span class='ocrx_word' id='word_1_254' title='bbox 550 3356 678 3429; x_wconf 89' lang='lat' dir='ltr'>disputat</span> <span class='ocrx_word' id='word_1_255' title='bbox 710 3355 763 3411; x_wconf 88' lang='lat' dir='ltr'>Sed</span> <span class='ocrx_word' id='word_1_256' title='bbox 786 3364 813 3410; x_wconf 91' lang='lat' dir='ltr'>et</span> <span class='ocrx_word' id='word_1_257' title='bbox 837 3355 1046 3427; x_wconf 86' lang='lat' dir='ltr'>Chrysostomus</span> <span class='ocrx_word' id='word_1_258' title='bbox 1067 3353 1125 3411; x_wconf 90' lang='lat' dir='ltr'>llo-</span> 
     </span>
     <span class='ocr_line' id='line_1_34' title="bbox 104 3440 1124 3513; baseline -0.006 -13"><span class='ocrx_word' id='word_1_259' title='bbox 104 3443 174 3500; x_wconf 90' lang='lat' dir='ltr'>milia</span> <span class='ocrx_word' id='word_1_260' title='bbox 201 3447 214 3500; x_wconf 90' lang='lat'>1</span> <span class='ocrx_word' id='word_1_261' title='bbox 244 3443 272 3498; x_wconf 88' lang='lat' dir='ltr'>in</span> <span class='ocrx_word' id='word_1_262' title='bbox 296 3442 369 3498; x_wconf 87' lang='lat' dir='ltr'>loau.</span> <span class='ocrx_word' id='word_1_263' title='bbox 392 3441 512 3497; x_wconf 86' lang='lat' dir='ltr'>Platonis</span> <span class='ocrx_word' id='word_1_264' title='bbox 541 3440 666 3513; x_wconf 84' lang='lat' dir='ltr'>dogmata</span> <span class='ocrx_word' id='word_1_265' title='bbox 693 3440 727 3495; x_wconf 89' lang='lat' dir='ltr'>de</span> <span class='ocrx_word' id='word_1_266' title='bbox 749 3440 835 3495; x_wconf 88' lang='lat' dir='ltr'>anima</span> <span class='ocrx_word' id='word_1_267' title='bbox 858 3441 1040 3512; x_wconf 89' lang='lat' dir='ltr'>redarguens:</span> <span class='ocrx_word' id='word_1_268' title='bbox 1071 3440 1124 3496; x_wconf 79' lang='grc' dir='ltr'>νῦν</span> 
     </span>
     <span class='ocr_line' id='line_1_35' title="bbox 103 3513 1124 3626; baseline -0.002 -42"><span class='ocrx_word' id='word_1_269' title='bbox 103 3522 250 3626; x_wconf 76' lang='grc' dir='ltr'><em>μὲνγὰρ</em></span> <span class='ocrx_word' id='word_1_270' title='bbox 264 3517 360 3600; x_wconf 76' lang='grc' dir='ltr'><em>αὐτην</em></span> <span class='ocrx_word' id='word_1_271' title='bbox 388 3526 444 3601; x_wconf 78' lang='grc' dir='ltr'>τῆς</span> <span class='ocrx_word' id='word_1_272' title='bbox 464 3526 520 3582; x_wconf 80' lang='grc' dir='ltr'>τοῦ</span> <span class='ocrx_word' id='word_1_273' title='bbox 541 3523 620 3581; x_wconf 72' lang='grc' dir='ltr'>θεοῦ</span> <span class='ocrx_word' id='word_1_274' title='bbox 643 3519 737 3624; x_wconf 68' lang='lat' dir='ltr'>&lt;puolo</span> <span class='ocrx_word' id='word_1_275' title='bbox 759 3515 865 3590; x_wconf 79' lang='grc' dir='ltr'><strong><em>οὐσιας</em></strong></span> <span class='ocrx_word' id='word_1_276' title='bbox 887 3513 970 3579; x_wconf 78' lang='grc' dir='ltr'><em>εἶναι.</em></span> <span class='ocrx_word' id='word_1_277' title='bbox 1014 3524 1068 3579; x_wconf 78' lang='grc' dir='ltr'>νῦν</span> <span class='ocrx_word' id='word_1_278' title='bbox 1090 3519 1124 3582; x_wconf 74' lang='grc' dir='ltr'>δὲ</span> 
     </span>
     <span class='ocr_line' id='line_1_36' title="bbox 104 3599 1123 3688; baseline -0.004 -19"><span class='ocrx_word' id='word_1_279' title='bbox 104 3601 203 3681; x_wconf 61' lang='grc' dir='ltr'><strong><em>οὕτως</em></strong></span> <span class='ocrx_word' id='word_1_280' title='bbox 232 3603 372 3686; x_wconf 78' lang='grc' dir='ltr'><em>ἀμέτρως</em></span> <span class='ocrx_word' id='word_1_281' title='bbox 394 3607 443 3666; x_wconf 81' lang='grc' dir='ltr'>καὶ</span> <span class='ocrx_word' id='word_1_282' title='bbox 466 3600 620 3682; x_wconf 69' lang='lat' dir='ltr'>duellae</span> <span class='ocrx_word' id='word_1_283' title='bbox 607 3601 723 3688; x_wconf 70' lang='lat' dir='ltr'>antipae</span> <span class='ocrx_word' id='word_1_284' title='bbox 742 3599 815 3682; x_wconf 65' lang='grc' dir='ltr'>μεθ</span> <span class='ocrx_word' id='word_1_285' title='bbox 839 3599 943 3687; x_wconf 75' lang='grc' dir='ltr'><em>ἑτέρας</em></span> <span class='ocrx_word' id='word_1_286' title='bbox 966 3605 1123 3688; x_wconf 69' lang='grc' dir='ltr'>καθυβρί-</span> 
     </span>
    </p>
   </div>
   <div class='ocr_carea' id='block_1_7' title="bbox 0 0 1272 4154">
    <p class='ocr_par' dir='ltr' id='par_1_9' title="bbox 0 0 1272 4154">
     <span class='ocr_line' id='line_1_37' title="bbox 0 0 1272 4154; baseline 0 2"><span class='ocrx_word' id='word_1_287' title='bbox 0 0 1272 4154; x_wconf 95' lang='lat' dir='ltr'> </span> 
     </span>
    </p>
   </div>
  </div>
 </body>
</html>
