2534 4154
361 318 364 324 ·
448 325 737 376 auruiovnnsrones.
1059 311 1100 373 47

87 483 229 542 reconditis
257 483 417 538 ludaeorum
445 480 521 536 libris
549 497 580 536 ac
601 481 698 537 ritibus
721 481 805 537 multa
826 482 991 556 Epiphanius
1013 483 1102 557 potnit

86 571 237 633 addiscere,
267 583 336 641 quae
365 567 418 622 hec
445 565 553 622 saeculo
577 575 604 622 et
626 567 764 623 hodiernis
787 567 891 623 ludaeis
913 568 1005 641 ignota
1027 576 1100 623 sunt.

84 655 145 719 Esto
169 654 268 727 igitur3
293 651 382 707 clavos
404 651 485 706 etiam
499 651 651 707 istiusmodi
668 646 875 729 φυλακτήρια
868 653 1109 725 nuncupaverint,
1135 719 1136 722 Ἴ

84 740 162 814 rugo
185 747 276 794 nmen
299 726 494 813 φυλακτήρια
511 735 564 800 illa,
588 754 705 808 quorum
721 737 871 793 Matthaeus
886 738 1016 802 meminit,
1040 754 1102 794 eum
1177 777 1179 780 ι

84 824 248 896 Hieronymo
271 820 418 895 pittaciola,
443 829 471 876 et
492 820 695 877 membranacea
718 821 843 878 frontalia
864 823 962 901 eruditi
977 823 1101 879 hominos

83 910 306 1002 interpretantur.

170 995 250 1051 aaa.
283 982 427 1067 ῥοΐσκους
453 981 512 1065 γάρ
540 1007 624 1056 τινας
652 984 700 1045 ἐπὶ
729 982 768 1046 τὰ
795 984 945 1068 τέσσαρα]
983 983 1104 1048 Ridicule

85 1079 212 1152 Scaliger,
236 1086 267 1132 ut
277 1075 455 1148 Epiphaniam
472 1074 571 1130 erroris
594 1083 703 1148 arguat:
729 1074 761 1131 Sa'
775 1077 853 1130 molo
864 1076 983 1148 punica,
1006 1077 1103 1149 inquit,

84 1164 249 1234 nauigatur
271 1152 438 1237 κράσπεδα.
469 1160 550 1227 Quasi
572 1177 627 1216 non
650 1160 730 1216 ctiam
751 1151 868 1237 dodonec
891 1163 955 1226 τοῖς
970 1152 1104 1238 κρασπέ-

87 1243 148 1314 δοις
177 1245 279 1319 alligari
301 1244 455 1318 potuerint;
483 1252 514 1299 ut
537 1253 564 1299 et
586 1246 676 1317 spinas
700 1245 871 1310 adhibuisse,
901 1262 955 1317 quo
979 1257 1103 1302 cruorem
1138 1319 1140 1322 y
1203 1270 1206 1277 ¹

87 1333 224 1397 elicerent,
242 1338 359 1386 testatur
372 1329 562 1402 Hieronymus.
592 1330 646 1385 Nec
663 1329 761 1394 obstat,
742 1320 888 1402 tquod
869 1328 1013 1406 ροΐσκους
1028 1347 1105 1386 sum-

86 1435 142 1474 mus
167 1417 300 1473 Sacerdos
322 1411 355 1470 ἐν
376 1406 572 1490 ἀρχιερατικῇ
595 1413 689 1491 στολῇ
711 1415 865 1488 gestaverit.
895 1415 960 1469 Nam
983 1415 1103 1470 diversos

87 1502 114 1558 ab
137 1503 193 1558 illis
216 1518 278 1557 cum
300 1516 423 1563 numero,
447 1507 505 1555 tum
527 1500 648 1564 materia,
672 1500 785 1575 aliisque
807 1499 833 1554 id
855 1516 941 1572 genus
956 1499 1102 1565 Pharisaei,

88 1604 144 1643 eum
173 1587 202 1642 in
232 1593 306 1641 casto
338 1592 446 1647 essent,
477 1601 609 1657 usurpare
638 1593 773 1658 poterant.
820 1584 864 1639 Sic
885 1583 1104 1656 paludamentum

88 1689 144 1729 cum
168 1673 352 1727 Romanorum
374 1670 461 1741 lmpp.
483 1670 624 1741 proprium
647 1670 742 1734 suerit,
772 1671 851 1725 etiam
874 1668 1003 1724 militibus
1026 1668 1107 1724 attri-

86 1755 186 1814 buitur.
232 1757 336 1829 Atque,
349 1763 380 1809 ut
408 1753 548 1809 aludaeis
576 1770 631 1809 non
660 1755 800 1818 recedam,
830 1754 891 1828 quis
918 1756 1006 1809 nescit
1034 1755 1105 1809 inter

87 1842 181 1898 summi
205 1839 358 1896 Sacerdotis
380 1845 469 1894 vestes
493 1839 597 1911 ephod,
622 1839 676 1894 sive
698 1833 756 1914 τὴν
776 1833 930 1912 ἐπωμίδα,
954 1855 984 1893 ac
1007 1856 1106 1912 super·

86 1925 225 1984 humerale
254 1921 358 1980 fuisse?
401 1923 434 1978 Et
465 1931 554 1978 tamen
581 1941 635 1978 non
658 1924 739 1980 modo
762 1924 923 1980 Sacerdotes
945 1940 976 1978 ae
999 1916 1106 1980 Levitae

84 2012 200 2075 caeteri,
225 2010 273 2065 sed
296 2009 376 2064 etiam
398 2008 458 2063 laici
480 2008 575 2080 Ephod
597 2007 754 2074 induebant,
778 2010 818 2065 uti
840 2009 920 2065 llavid
944 2009 1009 2082 Reg.
1030 2011 1057 2072 2,
1076 2010 1112 2073 6,.

84 2099 130 2156 14.
181 2095 237 2151 Sed
264 2094 317 2149 hoc
345 2093 469 2149 videlicet
497 2093 598 2148 lineum
622 2102 694 2149 erat:
718 2094 833 2150 alterum
855 2094 920 2150 illud
942 2094 1105 2149 Pontificum

77 2181 226 2255 proprium
255 2186 372 2252 quatuor
401 2195 433 2233 er
461 2177 598 2234 coloribus
627 2179 783 2243 constabat,
816 2179 978 2251 hyacintho,
1012 2178 1103 2250 bysso,

75 2280 182 2330 cocco,
213 2280 348 2337 purpura;
378 2263 425 2318 sed
454 2270 481 2318 et
509 2279 576 2318 auro
605 2271 761 2319 contextum
790 2272 856 2318 erat.
901 2262 964 2317 Vide
994 2262 1103 2316 llierort

71 2347 169 2427 Epist.
195 2350 228 2405 ad
250 2347 395 2402 Fabiolam
440 2347 522 2402 Nimis
545 2348 629 2420 igitur
650 2348 753 2403 insulse
776 2347 903 2402 adversus
927 2345 1105 2419 Epiphanium
1144 2371 1145 2374 ¹

68 2445 212 2495 nostrum
234 2441 439 2505 argumentatur
461 2432 589 2504 Scaliger.

170 2518 255 2577 aab.
287 2511 415 2592 decedere
438 2510 518 2572 δι’
493 2534 534 2581 εις
557 2507 612 2571 τὸν
640 2504 827 2571 διδάσκαλον
856 2503 969 2589 αυτῶν]
1006 2496 1105 2570 Εοιιοιιι

59 2592 300 2702 δευτερώοεων
328 2618 428 2675 genera
456 2609 601 2674 percenset
621 2600 733 2655 Haeresi
757 2603 805 2665 33,
819 2601 847 2656 9.
893 2599 951 2668 Quo
984 2617 1016 2655 ex
1044 2600 1105 2656 loco

59 2676 191 2764 Ῥαββι
212 2681 338 2759 Ἀκιβαν
352 2703 402 2759 pro
420 2683 603 2761 Βαρακιβᾶν
623 2685 768 2758 legendum
790 2685 835 2739 hic
850 2684 1035 2742 admonemur.
1049 2685 1107 2740 Ηιο

68 2785 125 2832 est
148 2774 194 2830 ille
218 2773 269 2829 nisi
290 2771 369 2827 fallor
390 2772 420 2826 R.
434 2770 527 2834 hlaiba,
552 2770 584 2825 de
607 2787 661 2843 quo
683 2770 710 2825 in
733 2770 893 2825 ludaeorum
909 2770 1104 2826 Kalendari05
1155 2815 1157 2820 s

69 2861 125 2918 die
151 2858 221 2914 Trisi
244 2858 311 2913 haec
333 2856 466 2928 adscripta
490 2862 568 2912 sunt:
600 2855 632 2910 rt
655 2853 747 2911 Abibo
768 2857 844 2930 filius
866 2856 969 2930 Ioseph
990 2855 1107 2912 coniici-

68 2951 129 3002 ιον
152 2945 184 3000 ιἰι
205 2943 329 3007 mocula,
351 2943 400 2996 obi
418 2941 544 2997 moriter.

228 3219 229 3222 ,
289 3161 332 3216 All
357 3160 523 3216 HdllllESlN
541 3161 607 3216 XVll
630 3158 902 3216 PHARlSAEORUll.

173 3281 254 3338 33d
284 3281 420 3354 συνῆσαν
439 3271 498 3355 γὰρ
522 3269 626 3344 αυτοῖς
648 3272 699 3333 καὶ
722 3295 750 3332 οι
741 3269 921 3349 ΝομικοιΊ
959 3275 996 3329 lle
1019 3273 1106 3329 Scali-

80 3365 143 3438 geri
165 3323 376 3420 hallucinatiorie
399 3382 481 3436 supra
502 3365 625 3428 vidimus,
650 3363 696 3435 qui
719 3354 861 3433 νομικοὺς
881 3360 1027 3414 actuarios
1043 3375 1105 3415 esse

82 3465 115 3507 ac
135 3450 322 3522 sorticularios
345 3449 470 3514 credidit,
494 3449 635 3505 Proximus
658 3446 722 3502 huic
744 3461 821 3500 error
843 3453 898 3508 est,
930 3444 1004 3517 quod
1025 3450 1107 3516 prae*

87 3543 192 3592 sentem
207 3534 349 3608 Epiphanii
370 3535 461 3590 locum
483 3534 522 3589 sic
543 3534 754 3607 interpretatus
762 3538 812 3595 est,
836 3537 867 3584 ut
888 3522 923 3584 τὸ
944 3520 1050 3595 αυτοῖς
1072 3529 1105 3584 ad

87 3618 247 3678 Pharisaeos
276 3620 405 3685 referret,
437 3617 600 3693 quibuscum
622 3615 765 3674 versabant
754 3622 807 3670 tur
821 3606 850 3671 οἱ
872 3610 999 3690 νομικοι.
1029 3614 1105 3687 Epi-
