2534 4154
323 315 326 320 ·
441 307 772 367 ''ininterrusioncs
1078 304 1143 369 tut

106 466 285 536 imitaretur,
315 469 504 544 cognominem
533 471 604 528 iliius
633 471 765 545 Apostolo
792 471 954 546 discipulum
982 472 1010 528 in
1036 472 1139 532 Indiam

109 554 252 629 allegavit.
297 553 395 612 Verum
425 555 505 611 ctiam
527 556 596 612 inira
618 573 642 613 o.
660 559 696 614 31
722 557 852 615 Thomam
875 557 956 613 istum
979 557 1139 633 Pseudapo·

110 639 220 698 stolum
242 640 271 695 iu
292 640 396 715 Syriam
417 640 580 697 destinatum
603 641 706 699 scribit.

203 717 284 799 {haya
313 718 351 800 δὴ
380 714 489 782 ἑαυτὸν
517 718 683 802 ὃΜάνης]
728 727 784 784 imo
807 735 835 783 ct
858 726 995 787 Christum
1016 727 1138 802 scipsum

112 825 178 867 csse
201 809 282 865 dixit:
305 809 440 867 Theodor.

205 895 266 953 636
283 913 306 952 c.
334 887 482 968 Ἰάκωβος
508 887 524 952 ὃ
548 887 628 973 ’ξύλῳ
649 889 784 971 πληγείς]
828 892 1135 970 hierosolymitanorum

114 980 275 1036 Antistitum
300 978 438 1053 catalogus
466 981 517 1037 iste
546 998 578 1036 en
599 980 709 1036 Eusehii
733 978 866 1037 Chronico
896 991 925 1037 et
946 980 1064 1039 Historia
1084 981 1135 1041 de·

114 1065 237 1138 scriptus
265 1075 321 1131 est,
355 1082 435 1139 quem
464 1075 491 1121 et
517 1065 724 1122 Alexandrinum
754 1064 907 1121 Chronicon
936 1074 963 1122 et
990 1064 1136 1141 Nicephori

115 1149 232 1223 perinde
247 1149 400 1210 Chronicon
422 1149 540 1206 exhibet.
567 1151 604 1206 Ex
627 1150 726 1225 quihus
749 1146 883 1212 omnihus,
906 1149 959 1206 hoc
974 1160 1017 1209 est
1031 1168 1062 1207 en
1077 1150 1135 1209 iiu-

116 1233 235 1291 schiauis
263 1234 383 1292 sontibus
412 1235 594 1291 emendandus
623 1244 665 1291 est
692 1232 834 1308 Epiphanii
860 1232 1032 1299 Latcrculus‚
1061 1235 1135 1294 velut
1167 1264 1169 1268 v

116 1335 180 1375 cum
203 1320 312 1375 tertium
336 1329 461 1376 numerat
482 1319 582 1385 iudam,
606 1321 652 1392 qui
675 1319 708 1374 ab
723 1317 840 1377 Eusebio
864 1328 891 1375 et
914 1320 1027 1376 caeteris
1042 1320 1133 1377 iustus

116 1402 278 1477 appellatur.
308 1404 374 1461 ltcm
398 1408 416 1463 4
439 1405 579 1461 Zacharias
601 1405 634 1460 ah
656 1404 821 1478 Epiphanio,
845 1403 878 1460 ah
901 1403 959 1459 aliis
981 1398 1138 1461 Zacchaeus'

115 1492 239 1546 iocatur.
269 1489 339 1545 Sunt
360 1498 388 1546 et
409 1489 459 1546 alia
482 1490 612 1561 quaedam
635 1490 661 1544 in
677 1498 741 1545 nota
758 1499 909 1561 temporum
925 1487 958 1544 ab
972 1487 1133 1563 Epiphanio,

116 1573 158 1630 rel
180 1573 272 1647 potius
295 1591 310 1630 a
330 1573 439 1630 librario
462 1574 613 1640 commissa,
637 1591 706 1646 quac
729 1581 759 1629 nt
773 1574 923 1630 accuratius
940 1571 1132 1646 disquirantur,

116 1658 235 1731 primum
257 1675 272 1715 e
293 1658 446 1732 Nicephoro
469 1659 585 1716 cundem
606 1658 857 1732 illum-catalogum
880 1673 941 1713 cum
963 1656 1133 1730 singulorum
1154 1693 1161 1702 ·

116 1742 276 1800 Antistitum
302 1744 379 1800 annis
402 1743 600 1807 exscribemus‚
629 1753 660 1799 ut
682 1752 710 1799 ct
731 1742 913 1817 Nicephorum
936 1743 1028 1800 cadem
1051 1757 1135 1816 opera

113 1827 290 1902 castigemus.

299 1997 435 2053 indiculus
458 1996 763 2070 hierosolymitanorum
786 1995 947 2054 antistitum.

856 2146 925 2205 Anni,
944 2145 1033 2209 quihus

566 2179 679 2242 E⁹i⁵⁶⁰pi
885 2213 1006 2263 sederunt.

420 2350 533 2408 lacobus
555 2351 660 2408 Domini
683 2352 777 2406 Frater
895 2347 972 2404 XXVI

420 2436 538 2509 Symeon
562 2436 696 2509 Cleophac
719 2435 749 2491 F.
894 2430 974 2491 xxttt

420 2522 511 2577 iustus
894 2515 926 2572 Vl

421 2606 561 2662 Zacharias
893 2601 927 2656 Ν

421 2690 517 2748 Tobias
893 2685 926 2742 Ν

420 2775 557 2832 Beniamin
708 2846 710 2850 7
772 2822 784 2831 ,.
893 2772 915 2828 ΙΙ

419 2862 533 2916 ioannes
893 2857 915 2913 il

420 2945 571 3002 Matthaeus
810 2950 812 2954 ‘
893 2941 914 2999 ΙΙ

419 3030 559 3103 Philippus
894 3027 903 3082 Ι

420 3115 522 3171 Seneca
825 3154 828 3161 .
893 3110 926 3166 Ν

420 3200 510 3255 iustus
698 3270 701 3275 Ι
892 3195 925 3250 Ν

420 3285 481 3341 Levi
892 3280 915 3335 li

419 3368 546 3442 Ephraim
721 3421 724 3425 ,
892 3363 914 3419 11

419 3453 518 3526 loseph
540 3506 543 3515 ,
893 3449 915 3504 11

419 3537 498 3594 ludas
894 3533 915 3588 h
