2534 4154
112 304 197 346 lxxiv
354 301 378 349 S.
398 300 547 350 EPlPlilNil
567 300 640 349 ACTA
661 299 879 349 nocllnnlln'l.

109 454 164 509 sint
184 454 213 508 in
234 452 342 510 duobus
363 454 415 510 iam
431 470 513 528 supra
527 451 649 509 indicatis
664 451 813 527 opusculis,
836 452 865 510 S.
880 453 999 511 Isidorus
1015 455 1124 528 quidem

109 539 148 594 sic
170 545 323 602 excusatur,
346 548 377 596 ut
398 546 489 594 tamen
510 538 606 594 melius
629 538 712 594 luerit
732 539 843 611 proprio
866 538 964 595 honori
979 540 1124 596 consultu·

108 640 164 687 rus,
188 623 211 678 ei
232 623 424 697 praecautione
446 625 541 680 saltern
564 623 652 695 aliqua
673 640 740 679 usus
762 623 907 680 indicasset
928 640 983 680 non
999 641 1124 698 magnam

107 707 140 762 iis
162 724 177 762 a
199 725 229 764 se
251 707 331 764 finem
354 708 463 775 haberi;
487 708 653 782 Epiphanius
675 717 766 765 aulem
788 726 839 765 nec
861 710 1035 765 excusatione
1060 709 1124 781 qui-

107 792 168 847 dem
191 801 268 866 eget,
298 794 417 868 quandiu
439 794 515 850 nullo
537 794 620 849 veleri
643 801 671 850 el
692 793 856 849 ineluctabili
879 794 1034 850 testimonio
1057 810 1125 866 pro·

106 875 203 942 batur,
233 879 300 934 haec
328 895 390 934 vere
411 878 483 934 illius
505 895 566 934 esse
588 878 708 951 scriptio.
753 879 826 935 lldrle
848 880 921 951 quod
944 878 1036 952 plures
1058 878 1125 951 Epi-

106 961 199 1034 plranii
220 962 321 1019 luerint
343 963 574 1038 subsequentibus
598 963 722 1026 saeculis,
747 963 826 1019 etiarn
848 963 875 1018 in
892 963 979 1037 Cypro
1002 963 1124 1036 episcopi

107 1064 223 1120 quorum
246 1048 396 1120 aliquant
419 1048 477 1104 fieri
499 1049 579 1121 vulgo
602 1047 682 1112 solet,
705 1047 887 1121 principaliori
910 1049 990 1104 huius
1007 1048 1123 1104 nominis

106 1132 231 1205 scriptori
254 1132 337 1188 tribui
360 1142 519 1206 potuerunt,
553 1133 623 1188 sicut
646 1131 805 1188 “orationes
827 1132 888 1188 illae
911 1148 980 1206 quae
1003 1133 1124 1205 Epipha-

105 1216 142 1270 nii
164 1217 273 1273 nomine
296 1218 387 1274 laicum
410 1219 461 1274 iam
483 1219 587 1290 pridem
602 1217 712 1280 iaciunt,
735 1217 843 1273 Petavio
860 1217 955 1280 iudice,
979 1218 1045 1273 salis
1061 1234 1123 1274 cunr

106 1302 175 1374 stylo
203 1302 263 1376 ipso
293 1311 350 1359 tuna
373 1304 431 1359 aliis
453 1302 614 1376 quibusdam
635 1302 755 1367 indiciis,
785 1303 895 1359 alterius
917 1303 960 1358 rel
981 1301 1123 1376 Epiphanii

107 1385 147 1441 vel
168 1387 288 1444 auctoris
310 1406 340 1444 ee
369 1405 430 1445 csse
453 1387 615 1444 declarant”.
