2534 4154
369 367 375 376 ,
456 309 745 361 lntnnnvuusmuts

306 513 348 588 ip
372 497 538 598 nmnnsnt
559 516 616 571 nn
639 511 905 572 nosnnuonun

171 625 325 688 Δοσίθεοι
353 626 387 688 δὲ
414 624 536 700 τούτοις
564 629 775 711 διαφέρονται]
813 635 900 708 Supra
927 634 1110 693 Dositheosa

89 716 279 772 communibus
295 718 526 775 Samaritanorum
549 720 615 774 odiis
638 737 669 775 ac
692 719 911 776 contentionibus
930 721 1053 793 excipere
1068 721 1109 776 vi-

87 817 133 855 sus
163 810 222 867 cst,
251 796 331 876 πλὴν
351 804 414 859 τῶν
434 798 599 860 Δοσιθέιον
619 795 724 877 μόνον.
768 805 866 860 Verum
895 806 1047 861 contrarius
1077 823 1109 863 ex

88 885 224 943 hocloco
247 904 344 942 sensus
367 888 553 961 superioribus
575 888 628 943 illis
651 889 839 945 attribuendus
855 899 912 945 est:
936 891 1062 945 nimirum
1077 885 1109 953 ἐκ
1211 923 1215 930 ·

85 968 202 1045 βραχεῖ
220 967 270 1026 καὶ
294 965 324 1028 ἵν
345 991 402 1028 τινι
424 974 541 1039 ποοῶςε
569 974 661 1046 paucis
685 991 715 1028 ac
734 974 878 1029 levissimis
901 975 929 1029 in
951 975 1033 1031 rebus
1057 975 1109 1031 Sar

87 1055 280 1111 maritauorum
303 1056 433 1113 sactiones
450 1075 464 1112 a
480 1076 509 1113 se
525 1059 637 1130 invicem
654 1057 805 1123 dissentire,
829 1067 937 1133 praeter
952 1060 1106 1126 llositlreos,

87 1155 140 1194 non
164 1140 211 1212 qui
233 1141 300 1196 nihil
322 1159 337 1196 a
359 1143 472 1199 caeteris
495 1143 695 1216 discreparent,
726 1142 775 1198 sed
796 1144 844 1215 qui
866 1136 921 1199 non
942 1142 1052 1209 leviter,
1076 1151 1109 1201 ut

86 1223 130 1288 illi,
155 1225 206 1281 sed
227 1226 386 1297 gravissime
404 1227 574 1283 dissiderent.
616 1227 737 1284 Dosithei
759 1244 841 1299 porro
864 1235 918 1282 tam
941 1236 1003 1283 ante
1028 1228 1108 1284 Chri·

84 1315 172 1372 stnm,
203 1326 285 1383 quam
312 1319 375 1383 post
405 1328 467 1367 enm
496 1313 649 1385 complures
672 1313 835 1368 extiterunt:
865 1321 892 1368 et
914 1313 1108 1368 nonnullorum

83 1393 155 1464 apud
185 1393 323 1450 Hebraeos
343 1393 463 1452 'mentio
508 1396 573 1452 Nam
602 1408 717 1456 annona
745 1396 857 1452 bosthai
886 1404 928 1451 est
950 1396 1106 1463 Dositheus,
1147 1391 1150 1395 ’

83 1477 158 1548 qnod
186 1478 288 1534 frustra
316 1489 443 1553 negatum
467 1499 481 1537 a
504 1482 649 1554 scaligero.
691 1484 725 1536 At
746 1481 774 1535 in
796 1483 890 1553 cap.3
914 1480 993 1535 Pirke
1016 1473 1107 1536 hbotb

82 1562 221 1633 quoddam
243 1563 354 1619 Dosthai
377 1566 448 1620 lanai
471 1567 501 1621 l.
525 1566 625 1621 dictum
648 1575 829 1630 memoratur,
854 1565 926 1638 qnod
948 1582 963 1619 a
985 1565 1016 1619 R.
1041 1565 1107 1620 Meir

83 1646 224 1703 didicerat.
263 1649 317 1705 Sed
339 1650 362 1704 is
385 1649 417 1706 ab
440 1651 493 1706 hoc
515 1660 609 1706 nostro
634 1650 755 1706 diversus
778 1660 829 1706 est.
865 1649 1107 1717 ¹Quemadmodum

83 1738 110 1785 et
130 1731 203 1787 alter
224 1732 278 1799 ille,
303 1734 379 1790 cuius
402 1736 544 1807 aliquoties
568 1736 698 1808 Origenes
720 1735 851 1798 meminit,
870 1751 992 1806 ‘eumque
1011 1734 1106 1789 Sama-

83 1816 201 1872 ritanum
229 1818 346 1891 appellat
373 1814 441 1895 περὶ
460 1811 577 1896 Ἀρχῶν
598 1825 626 1884 4,
641 1822 668 1885 2,
698 1837 748 1876 nec
770 1837 825 1874 non
848 1828 876 1875 et
897 1818 955 1874 aliis
977 1820 1005 1874 in
1027 1819 1104 1884 locis,

83 1901 229 1974 praecipue
256 1912 350 1975 contra
374 1904 481 1960 Celsum
501 1905 548 1961 lib.
563 1907 590 1962 2.
636 1905 734 1960 Verum
761 1904 899 1978 antiquior
920 1912 963 1959 est
985 1904 1106 1977 Epipha-

84 1985 180 2042 nianus
203 1986 264 2051 iste,
287 2005 303 2043 a
325 2005 379 2060 quo
396 1989 566 2046 Sadducaeos
589 1998 753 2063 propagatos
772 1999 832 2045 esse
848 2006 910 2044 mox
925 1988 1034 2054 indicat,
1058 1987 1106 2062 qui

83 2070 192 2142 quidem
216 2071 432 2146 Christiortum
466 2076 620 2130 antecessit.
664 2075 702 2130 lle
725 2075 854 2131 Dositheo
884 2082 912 2129 et
933 2073 1105 2129 Dositheanis

85 2153 141 2228 lege
172 2173 242 2228 quae
271 2158 376 2213 erudite
398 2159 544 2216 Serrarius
558 2168 652 2216 noster
673 2160 702 2215 in
723 2159 860 2215 Minervali
881 2159 1001 2230 disputat
1021 2156 1103 2215 lib.4

85 2243 367 2312 cap.10.lletl2.
1053 2261 1056 2268 ·
1100 2241 1104 2246 ’

170 2327 208 2383 30
226 2342 250 2381 ο.
280 2318 511 2402 ἐγκρατεύονται
534 2320 594 2384 (ind
616 2318 726 2403 γάμων
742 2318 869 2400 petriad
884 2324 1011 2399 βιῶσιιι]
1036 2323 1142 2380 Por-ar

84 2418 123 2466 est
145 2409 214 2466 illud
234 2403 313 2483 μετὰ
335 2404 369 2467 τὸ
391 2411 504 2483 βιῶσαι
526 2412 633 2468 duobus
656 2411 743 2467 modis
769 2410 868 2483 accipi:
892 2408 1038 2482 utrobique
1055 2405 1104 2465 ἐλ-

85 2490 249 2561 λειπτικῶς.
294 2495 368 2552 Alter
390 2506 421 2553 nt
442 2492 475 2552 ἐκ
496 2498 540 2575 τῷ
562 2490 652 2574 γάμῳ
675 2494 867 2551 subaudiatur:
897 2494 979 2558 alter,
1008 2502 1039 2549 ut
1070 2492 1105 2551 ad
1135 2537 1137 2541 .

85 2582 211 2651 γυναῖκα
231 2581 375 2652 pertineat.
421 2582 499 2637 Prior
521 2581 709 2652 interpretatio
733 2579 881 2653 simplicior
903 2587 959 2643 est,
990 2594 1104 2652 eamque

87 2662 230 2742 Carnarius
252 2674 363 2721 secutus
386 2675 437 2722 est.
467 2667 497 2720 ln
520 2666 603 2721 altera
625 2658 659 2722 τὸ
680 2663 795 2738 βιῶσαι
816 2664 887 2719 idem
910 2672 952 2718 est
974 2681 1008 2719 cc
1029 2680 1105 2719 mor·
1208 2722 1218 2741 x

85 2755 161 2804 laum
182 2765 257 2814 esse,
281 2759 312 2804 ut
334 2751 406 2823 apud
427 2751 535 2806 Latinos
558 2752 645 2815 uiuit,
668 2745 798 2823 βεβίωκε
822 2749 893 2822 apud
915 2747 1104 2811 Plutarch.iu

87 2832 223 2890 Cicerone.
265 2833 320 2890 Nos
343 2844 485 2911 utramque
508 2853 569 2892 cum
591 2835 804 2908 agnovissemus,
827 2834 965 2908 posterior
985 2834 1014 2893 in
1036 2849 1105 2891 eon·
1141 2898 1145 2907 ¹
1243 2882 1247 2889 ,

84 2924 185 2974 textum
207 2928 326 2992 recepta.
1096 2968 1098 2973 .

168 3005 205 3062 31
224 3021 248 3059 a.
289 2999 339 3060 καὶ
368 3004 423 3079 τῆς
449 2997 567 3079 πλάνης
596 2997 635 3060 τὰ
667 2995 866 3078 βοσκήματα]
904 3004 1032 3058 l'ortasse
1063 2991 1103 3056 τοὶ

83 3081 237 3164 σχήματα.

385 3223 427 3277 Ab
451 3222 597 3280 lUllhlell
620 3222 802 3280 HAERESES.

119 3395 122 3398 ,
168 3342 206 3399 31
224 3339 252 3396 b.
279 3310 472 3416 'lovduiopidg
494 3325 599 3399 λοιπὸν
620 3334 793 3417 μερισθείς]
817 3338 855 3392 lle
877 3336 991 3393 Iudaicis
1006 3335 1104 3392 factio-

85 3423 163 3481 nibus
194 3425 321 3499 deinceps
343 3428 414 3500 agit;
443 3444 510 3500 quas
533 3438 595 3484 ante
619 3426 719 3482 Christi
742 3423 885 3479 adventum
908 3429 1033 3494 septenas
1056 3436 1103 3488 ref

83 3519 186 3566 censet.
231 3510 310 3578 Quod
331 3510 493 3578 πλατοκῶς
515 3520 545 3568 et
563 3512 658 3586 pingui
680 3510 796 3565 Minerva
818 3505 919 3562 dictum
942 3513 993 3560 cst.
1036 3504 1103 3563 Nam

83 3602 138 3650 tres
159 3602 269 3652 constat
290 3597 362 3671 apud
383 3598 496 3653 ludaeos
518 3596 602 3654 luisse
626 3603 729 3652 sectas:
753 3600 884 3657 caeteras,
908 3607 977 3664 quae
999 3607 1015 3647 a
1035 3590 1103 3657 Phi-⁴
