2534 4154
109 319 150 382 34
479 356 482 362 -
512 405 514 409 Ι
564 331 677 381 erratu
729 331 732 336 ·

196 489 275 544 29a.
304 478 382 560 μετὰ
403 476 531 552 τούτους
552 482 582 541 Γ
581 479 711 562 ορθήνοι
740 473 945 559 διεφώνήσυν]
984 484 1130 551 Quomodo

111 572 242 629 Gortheni
263 563 340 648 πρὸς
362 562 513 645 ἀλλήλους
534 570 677 626 dissentire
700 565 869 640 coeperunt?
897 568 963 623 Nam
986 569 1059 624 nulla
1082 570 1131 626 hie

111 658 311 713 Gortheuorum
327 656 447 720 divortia,
465 664 522 711 sect
523 673 551 710 as
511 655 653 711 tnullas
670 660 825 710 enumerat.
849 661 877 708 et
892 643 1069 728 ἕπεξήγησις
1083 654 1129 709 illa

110 758 178 814 quae
207 740 362 796 subiicitur:
394 735 474 817 φημὶ
502 735 573 814 cap
575 734 658 798 ιέσον
685 733 824 809 Σεβουυί
823 755 866 792 ων
892 733 942 792 καὶ
974 729 1133 812 Ἐσσηνῶν

110 821 161 881 καὶ
182 823 213 881 Γ
211 824 370 900 optinetur,
394 825 482 919 arguit
504 817 539 880 cd
561 819 638 900 πρὸς
660 815 811 897 ἀλλήλους
833 839 887 877 σου
911 823 943 878 ad
966 822 1039 877 solos
1056 823 1128 878 Gor-

110 913 223 1011 thcpcS,
253 911 301 966 sed
328 910 393 965 adt
382 919 438 966 tres
462 898 535 976 ὅλας
557 919 644 965 sectas
667 909 813 981 pertinere.
857 907 939 979 atqui
962 903 1133 982 διαφωνεῖν

109 988 186 1094 ήρὸς
208 986 357 1070 ἀλλήλους
380 995 480 1051 Graece
502 1013 557 1050 non
581 1002 622 1049 est
644 985 722 1067 προς
744 984 865 1057 ἀλλους
895 992 1021 1046 Fortasse
1044 991 1132 1064 igitur

111 1070 223 1146 ἀλλους
244 1097 293 1152 pro
310 1071 461 1154 ἀλλήλους
477 1079 705 1135 substituendum.
744 1076 902 1132 Postulabat
891 1084 935 1150 η
924 1068 1129 1132 nucleo-il

110 1174 141 1220 ut
162 1181 212 1238 pro
228 1161 258 1219 Γ
256 1161 385 1242 ορθηνοι
408 1165 574 1220 scriberetur
596 1182 623 1219 οι
645 1157 754 1232 λοιποὶ,
776 1161 818 1216 vel
839 1169 929 1216 sectae
951 1169 1008 1216 tres
1030 1177 1134 1217 recea-

110 1255 245 1306 serentur.

195 1327 211 1390 ri
235 1325 327 1407 νόμος
349 1327 494 1407 ἐκέλευεν]
517 1333 613 1387 Mirum
637 1341 678 1388 est
700 1331 773 1404 quod
795 1332 847 1385 hcc
869 1331 930 1385 loco
945 1337 1052 1393 narrat,
1077 1330 1133 1386 Sa-

109 1420 303 1475 maritanorum
330 1419 403 1473 iuter
431 1435 460 1473 se
488 1417 626 1472 dissidium
656 1417 688 1472 ab
718 1416 795 1480 odic,
828 1423 854 1470 ct
876 1414 971 1487 iurgiis
993 1431 1131 1479 manasse,

110 1504 182 1577 quod
206 1504 331 1559 canutio
355 1520 416 1558 cum
439 1501 542 1556 ludaeis
566 1509 683 1556 exercet.
712 1501 778 1555 Nam
801 1501 824 1555 si
846 1516 906 1554 cum
924 1499 1132 1572 praetereunti-

108 1588 160 1644 bus
183 1588 286 1644 ludaeis
310 1586 474 1650 rixabantur,
498 1603 567 1659 quae
590 1603 684 1641 caussa
706 1584 765 1649 luit,
789 1602 838 1639 cur
860 1601 874 1639 a
894 1601 923 1639 se
942 1584 1055 1639 invicem
1072 1584 1132 1640 dis-

109 1682 170 1729 sent
159 1671 261 1728 tirent‘l
304 1671 363 1726 Non
385 1671 411 1726 id
435 1670 548 1743 explicat
569 1670 750 1744 Epiphanius:
781 1678 808 1724 et
830 1669 902 1724 aliud
924 1669 978 1741 agit
1000 1669 1129 1724 omnino:

109 1758 210 1813 etenim
238 1746 454 1856 συμπληγάδες
481 1756 549 1810 istae
577 1772 632 1809 non
655 1763 720 1810 sunt
741 1755 803 1810 cciv
826 1750 1031 1830 Σαμαρειτῶν
1051 1747 1133 1828 πρὸς

109 1831 271 1914 ἀλλήλους,
294 1839 341 1894 sed
364 1833 441 1915 πρὸς
461 1856 532 1905 τους
553 1831 727 1904 ἸουὸαιἭους
890 1884 891 1887 ,

194 1926 232 1981 29
249 1923 276 1978 b
307 1914 386 1977 ἀλλά
409 1919 459 1978 καὶ
482 1913 531 1979 ὅτε
554 1916 668 2002 praeclrip
669 1941 704 1978 tea
712 1914 862 1997 Ἔσδρας]
886 1928 944 1976 ltuo
961 1921 1026 1976 hic
1020 1940 1048 1976 ln
1063 1922 1134 1994 xpi-

40 2060 42 2064 .
108 2008 207 2081 phanio
230 2008 405 2080 reprehendit
428 2008 561 2081 Scaliger:
585 2008 699 2063 alterum
722 2008 796 2082 quod
819 2007 851 2062 ab
874 2007 958 2061 Esdra
979 2007 1131 2062 instaurata

108 2093 292 2165 Hierosolyma
316 2092 427 2158 dixerit,
457 2110 518 2148 cum
540 2093 663 2148 Neemias
686 2110 741 2148 non
763 2093 861 2147 Esdras
885 2091 911 2146 id
934 2092 1034 2164 egerit:
1058 2091 1133 2147 alte·

107 2195 168 2233 rum
198 2177 271 2249 quod
295 2176 476 2232 Samaritanus
505 2194 615 2251 operam
644 2195 720 2232 suam
742 2178 776 2231 ad
798 2193 856 2231 eam
879 2176 1055 2231 relectionem
1078 2177 1130 2232 de-

74 2271 76 2275 ’
108 2262 202 2318 tulisse
226 2261 341 2327 scribat;
364 2261 437 2334 quod
460 2271 552 2318 contra
569 2264 735 2334 Scripturam
759 2279 818 2316 esse
842 2261 936 2316 credit.
967 2260 1021 2316 Sed
1044 2262 1070 2315 in
1086 2261 1129 2317 al-

107 2356 167 2403 tero
196 2337 398 2420 κακοήθειαν,
428 2348 456 2401 in
485 2346 569 2403 altero
599 2357 739 2419 stuporem
768 2363 848 2401 saum
879 2345 977 2418 arguit.
1021 2345 1130 2401 Etenim

105 2440 297 2506 praeterquam
320 2432 393 2505 quod
415 2432 512 2487 llsdras
535 2450 597 2489 cum
618 2433 727 2488 Neemia
749 2432 819 2495 vixit,
845 2439 872 2486 et
887 2429 951 2485 Urbi
973 2430 1150 2485 instauran-'

108 2517 157 2572 dac
179 2517 309 2589 praefuit,
333 2526 364 2572 ut
387 2534 418 2572 ex
440 2517 564 2574 Neemiae
589 2521 616 2582 8,
635 2519 652 2575 2
676 2525 703 2572 et
729 2518 835 2581 1226,
859 2514 957 2588 probat
979 2515 1129 2579 Serrarius,

106 2600 174 2655 illud
205 2591 355 2679 ᾠκοδόμει
374 2594 577 2676 Ἰερουσαλήμ
606 2600 720 2658 c'umiter
748 2600 932 2674 accipiendum
956 2609 1011 2662 est,
1043 2607 1073 2655 ut
1096 2599 1130 2654 ad

107 2682 186 2738 Urbis
209 2693 313 2755 partem
336 2684 460 2756 aliquam,
484 2687 635 2741 cuiusmodi
659 2686 799 2758 Templum
822 2693 888 2747 erat,
912 2684 1056 2756 pertineat.
1092 2684 1132 2739 ll-

107 2767 154 2823 lud
176 2783 239 2821 vero
263 2766 480 2822 dementissimae
503 2771 639 2826 caecitatis
663 2778 713 2833 est,
737 2786 837 2841 negare
860 2768 1041 2822 Samaritanus
1061 2785 1131 2841 ope-

106 2850 144 2906 ris
167 2851 312 2922 participes
335 2867 365 2905 se
388 2868 448 2905 esse
470 2853 537 2908 velle
556 2872 620 2926 prae
642 2871 672 2908 se
690 2853 804 2917 tulisse,
829 2868 890 2906 cum
913 2851 939 2905 id
962 2852 1062 2908 diserte
1081 2853 1127 2910 ll

107 2934 207 2991 Esdrae
231 2939 259 2999 4,
281 2938 293 2991 1
313 2937 374 2990 ct2
398 2935 537 3007 Scriptura
562 2946 687 2993 testetur.
732 2936 785 2991 Sed
815 2953 845 2991 ea
868 2936 1005 2990 Serrarius
1028 2936 1055 2990 ia
1078 2937 1133 2993 bli-

107 3019 208 3076 nervali
229 3019 280 3075 iam
303 3019 451 3092 occupavit.

193 3097 407 3182 ἐπετράπησαν
426 3094 476 3159 ὑπ’
500 3095 609 3179 αὐτοῦ]
644 3104 725 3161 Deest
747 3104 868 3177 negativa
891 3104 1031 3177 particula,
1056 3106 1130 3178 quod

107 3189 150 3246 vel
172 3189 345 3263 mediocriter
366 3189 470 3263 peritus
493 3190 705 3245 animadvertere
727 3190 825 3263 potuit.
871 3189 933 3245 ldec
957 3191 1055 3246 lrustra
1078 3192 1129 3246 hac

108 3275 136 3330 in
163 3284 240 3349 parte
268 3274 400 3330 calumnia
428 3275 543 3330 struitur
565 3275 713 3348 Epiphanio
743 3275 769 3329 in
792 3275 911 3330 Elencho
936 3275 1130 3348 Scaligcriano,

108 3360 186 3432 quasi
214 3369 307 3415 contra
330 3359 496 3432 Scripturam
526 3360 622 3415 dixerit
644 3360 830 3415 Samaritanos'
854 3360 881 3415 in
911 3361 1128 3415 communionem

110 3445 199 3514 operis
228 3445 369 3500 admissos.
413 3445 478 3499 Nam
501 3453 528 3500 et
543 3445 616 3500 infra
640 3462 702 3501 cum
725 3445 758 3500 de
781 3445 910 3501 Sebuacis
933 3446 1003 3518 agit,
1035 3444 1132 3501 scribit

109 3525 210 3584 Esdrae
231 3529 291 3585 illos
314 3530 376 3586 odio
399 3528 466 3585 leste
490 3547 537 3584 sua
562 3540 737 3604 praepostere
760 3531 908 3586 ordinasse.
