2534 4154
157 313 218 379 148
611 323 725 372 reram

153 487 316 544 collocatum
338 480 430 536 fuisse.
460 479 573 534 Lunaris
595 479 667 534 enim
689 477 931 534 Hecatombaeonis
952 477 1100 534 Neomenia
1121 479 1174 537 fuit

153 572 207 636 ilia,
231 584 300 642 quae
322 564 444 622 Solstitio
466 565 578 637 propior
600 571 687 628 esset,
711 572 765 620 tem
788 571 859 627 ante,
883 579 963 635 quam
985 572 1050 636 post
1071 562 1178 621 Soisti·.

153 656 237 719 tium3
266 653 294 709 id
316 650 389 725 quod
411 649 539 715 adversus
562 648 757 722 Scaligerianos
781 648 833 704 aiio
855 648 916 704 loco
938 647 1109 721 probabitur.
1138 651 1176 707 m

153 741 182 797 in
205 737 314 801 iuliane,
338 735 466 792 sivefixa
487 733 631 806 stabilique
652 733 716 790 enni
738 733 823 789 iorma
845 733 1063 789 Hecatombaeon
1085 734 1190 792 haesit

154 826 183 880 in
200 823 281 886 iulio,
305 820 403 893 reliqui
425 828 572 892 sequentes
590 816 707 894 Iulianos
721 834 829 874 menses
846 817 1032 875 obtinuerunt.
1064 817 1176 875 Plutar-

154 911 307 966 chus'cum
328 906 480 961 Atticorum
501 903 635 959 mensium
650 904 780 969 meminit,
803 920 998 975 nonnunquam
1021 902 1090 959 fixos
1112 904 1175 961 ilios

154 1011 187 1050 ac
213 992 330 1048 lulionos
357 989 492 1062 intelligit.
538 988 616 1057 Quod
641 997 732 1044 autem
755 1005 850 1044 eorum
872 988 969 1044 seriem
992 988 1175 1045 Athenienses
1199 1022 1202 1030 ·

155 1077 322 1134 retexuerint
344 1083 372 1131 et
392 1073 550 1130 Hecatomb.
573 1073 689 1129 statione
711 1072 887 1136 dimoverint,
911 1073 983 1128 baud
1005 1073 1061 1128 scio
1084 1090 1119 1130 an
1140 1088 1175 1131 ex

155 1163 206 1219 alio
229 1161 362 1234 scriptore
385 1175 465 1234 quam
487 1177 520 1214 en
541 1160 594 1214 hoc
615 1158 758 1231 Epiphanii
779 1157 840 1213 ioco
864 1165 988 1213 constare
1011 1158 1108 1231 possit.
1170 1172 1186 1225 ο

240 1250 300 1304 447
318 1263 341 1300 a.
372 1237 431 1321 πρὸ
452 1234 487 1311 (ἐξ
508 1239 598 1299 εἰδῶν
619 1238 816 1320 Νοεμβρίων]
844 1242 990 1298 Neomenia
1011 1243 1098 1316 Athyr
1118 1244 1186 1301 Δο-ι

154 1331 225 1396 tiaci,
249 1330 290 1386 vel
313 1328 487 1386 Diocletianei
508 1328 634 1385 convenit
655 1327 748 1382 Vliai.
764 1327 829 1383 Nov.
853 1329 905 1383 hoc
928 1337 970 1383 est
985 1328 1043 1384 Oct.
1060 1328 1186 1386 xxvid-

154 1416 226 1491 Ergo
249 1415 424 1471 duodecimus
446 1413 547 1486 Athyr,
574 1411 731 1469 Novembris
754 1421 863 1476 octavo,
893 1412 948 1468 sive
971 1412 1003 1469 ,vi
1023 1412 1083 1469 Eid.
1106 1413 1173 1475 Nor.

154 1501 228 1574 quod
251 1511 278 1557 et
301 1517 323 1556 c.
337 1501 372 1556 16
396 1499 611 1571 supradixerat,
637 1499 675 1554 60
699 1497 742 1552 die
760 1505 821 1553 ente
836 1497 995 1570 Epiphania.
1026 1497 1176 1570 Perperam

153 1585 431 1661 itaqueposteac.28,
439 1576 499 1659 πρὸ
512 1575 900 1659 ὀκτώείυλῶυΝοεμβοίωνο
911 1582 1021 1638 librario
1031 1583 1176 1655 seriptum.

238 1665 318 1727 κατὰ
329 1662 547 1741 Σαλαμινίους]
569 1668 714 1724 Neomenia
727 1667 827 1723 Cliniae
841 1666 935 1722 incidit
950 1668 977 1723 in
994 1670 1011 1725 3
1027 1667 1186 1725 Novembri·

154 1771 236 1828 quem
257 1771 380 1810 mensem
403 1753 512 1809 tertium
534 1754 660 1826 appellat,
687 1753 742 1808 sive
765 1752 840 1825 quod
860 1751 953 1824 plures
976 1752 1099 1809 eiusdem
1121 1770 1176 1809 no-

153 1838 234 1893 minis
257 1846 358 1904 essent,
381 1847 412 1894 ut
433 1837 505 1910 apud
526 1839 693 1894 recentiores
716 1837 817 1893 Arabes
841 1838 894 1893 duo
916 1837 1002 1893 Rabiu
1024 1846 1104 1902 sunt,
1128 1846 1188 1897 to-.

153 1921 291 1996 tidemque
314 1923 471 1986 Giumedin‚
501 1922 556 1978 sive
583 1923 656 1994 quod
685 1923 779 1978 ordine
803 1923 898 1978 tertius
921 1931 1002 1979 esset.
1048 1922 1125 1979 Unde
1147 1932 1177 1981 et

154 2006 266 2079 quintus
287 2008 316 2062 in
337 2009 488 2062 ianuarium
511 2007 632 2062 incurrit.
663 2011 685 2063 A
709 2007 806 2064 3Nov.
831 2008 865 2063 ad
886 2006 944 2062 Kal.
966 2008 1021 2063 ian.
1045 2023 1177 2081 eompre-

154 2090 298 2163 prehensis
313 2091 370 2147 Kal.
390 2092 465 2164 ipsis,
490 2091 546 2146 dies
570 2099 633 2147 sunt
656 2092 734 2147 solidi
757 2094 806 2155 60,
831 2092 878 2166 qui
899 2108 1010 2148 menses
1029 2091 1099 2148 duos
1123 2093 1190 2149 tri··

155 2178 277 2233 cenarios
293 2176 423 2233 efficiunt.
445 2176 510 2231 Nam
522 2177 544 2231 11
560 2177 675 2232 ianuarii
690 2170 825 2249 πέμπτος
839 2177 940 2233 mensis
951 2177 1019 2233 iniit.
1041 2177 1176 2235 Videntur

155 2259 289 2318 Salaminii
311 2261 480 2335 aequabiiem
503 2270 531 2317 et
545 2262 734 2335 Aegyptiacam
756 2263 890 2318 mensium
905 2262 1019 2318 sormam
1035 2261 1174 2321 ascivisse.

239 2339 318 2405 κατὰ
337 2340 495 2426 Παφίους]
537 2347 686 2420 Apogonici
714 2346 861 2420 Neomenia
889 2348 979 2420 coepit
1001 2348 1060 2403 Oct.
1083 2347 1173 2405 XXIV.

153 2431 227 2489 Iulus
256 2434 315 2489 iniit
337 2433 400 2490 Dec.
416 2432 502 2488 XXIV.
546 2434 569 2486 A
599 2432 641 2488 die
669 2432 746 2487 XXIV
770 2433 829 2488 Oct.
858 2432 892 2488 ad
919 2432 998 2488 xxltl
1022 2431 1085 2488 Dec.
1115 2432 1174 2491 dies

154 2527 219 2574 sunt
242 2520 291 2583 61,
313 2518 361 2591 qui
383 2527 448 2580 sunt
470 2517 523 2573 duo
547 2518 711 2591 Paphiorum
733 2535 850 2573 menses.
887 2517 976 2586 Quare
997 2518 1174 2590 Apogonieus

154 2602 318 2676 Paphiorum
342 2602 392 2658 iuit
413 2601 573 2668 November,
596 2603 670 2658 lulus
693 2603 851 2658 December.
1177 2646 1180 2651 .

181 2742 194 2767 ·
238 2679 319 2742 κατόὶ
337 2677 488 2763 Ἄραβας]
525 2687 672 2743 Neomenia
703 2686 914 2760 Angalthabaitb
946 2685 1071 2744 Octobris
1093 2687 1175 2745 xvttl

153 2770 292 2844 competit,
316 2786 331 2824 a
353 2787 407 2844 qno
430 2771 473 2825 die
494 2771 528 2826 ad
549 2772 603 2827 XV}
620 2772 682 2827 Dec.
706 2772 763 2828 dies
786 2781 851 2828 sunt
867 2775 916 2837 60,
940 2773 995 2828 sive
1017 2771 1071 2829 duo
1093 2789 1176 2831 meu·-

153 2872 198 2911 ses
219 2854 390 2927 Aegyptiaci,
414 2854 513 2927 quibus
535 2857 578 2911 usi
600 2866 664 2912 sunt
684 2856 786 2913 Arabes
808 2856 860 2912 illis
882 2856 1062 2930 temporibus.
1106 2857 1196 2932 Nam·

153 2939 299 2997 Neomenia
320 2939 406 2995 Alcon
428 2938 509 3012 paulo
532 2950 594 2996 ante
616 2942 707 3013 coepit
730 2941 882 2998 Decembris
906 2942 982 2998 XVll.

240 3017 318 3080 sord
340 3015 528 3090 Μακεδόνας
544 3017 736 3099 Ἀπελλαίου]
778 3026 942 3083 Macedonici
964 3026 1079 3091 mensis,
1110 3042 1190 3085 cum·

153 3111 187 3168 de
208 3120 333 3184 tempore
354 3109 454 3166 Natalis
476 3118 579 3182 ageret,
592 3110 769 3178 mentionem
791 3111 889 3168 omisit.
936 3111 1066 3168 Convenit
1087 3129 1174 3185 porro

152 3195 272 3270 Apellaei
298 3195 446 3251 Neomenia
473 3211 534 3250 cum
563 3195 728 3268 Paphiorum
750 3198 917 3269 Apogonico.
962 3197 1028 3252 Nam
1055 3205 1175 3272 utraque

153 3281 213 3337 iniit
235 3279 360 3336 Octobris
384 3281 433 3337 24.
478 3278 531 3336 Sed
560 3287 656 3336 neutra
679 3280 792 3336 Lunaris
821 3268 917 3337 extiiit.
962 3281 1040 3355 Apud
1067 3282 1191 3339 mediae·

152 3365 294 3422 vetustatis
315 3366 472 3440 scriptores,
496 3366 655 3439 praesertim
672 3365 848 3431 Christianos,
872 3381 1067 3441 nonnunquam
1082 3366 1175 3424 Maee-

154 3449 244 3506 donici
265 3466 373 3507 menses
395 3468 458 3508 cum
473 3450 732 3525 SyromacedoniciS,
755 3469 825 3524 quos
841 3461 868 3509 et
884 3452 1048 3508 Graecorum
1063 3468 1174 3509 menses

154 3533 299 3606 appellant,
323 3536 452 3592 confundi
473 3536 572 3601 videas,
592 3544 626 3592 ut
648 3536 675 3591 in
691 3531 791 3611 insigni
804 3537 849 3593 illo
865 3536 981 3593 Anatolii
995 3535 1066 3601 loco,
1090 3552 1174 3610 quem

104 3617 182 3675 139in
203 3620 329 3693 sequenti
350 3621 469 3679 Diatriba
490 3620 701 3688 declarabimus,
731 3622 795 3679 alias
817 3639 881 3679 vero
904 3621 1035 3686 discerni,
1065 3630 1098 3678 ut
1119 3623 1174 3679 hoo
