2534 4154
492 313 781 365 suruaovnasrones
1010 364 1014 370 ,
1098 304 1137 366 41

128 469 162 525 illi
185 485 200 523 a
223 476 401 541 praeceptore
424 468 605 525 desciscentes
627 469 715 542 legem
739 477 889 526 oretenus
911 470 1035 549 traditam
1058 472 1183 532 abne-28

128 561 240 627 garunt;
264 569 353 625 neque
376 553 462 618 alteri,
486 571 565 627 quam
588 554 662 630 quod
676 555 755 628 Legis
769 555 871 628 scripto
888 565 961 611 esset
976 572 1141 629 expressum,

126 637 304 694 adhibendam
327 637 408 693 fidem
430 646 568 711 putarunt,
592 657 625 695 ex
647 657 701 713 quo
719 652 818 714 nanap
834 640 955 704 Karram,
978 641 1054 714 quasi
1073 642 1143 698 Teo*

125 725 215 779 teoles
245 723 318 778 dicti.
363 722 435 777 llaec
462 723 541 779 Elias.
586 724 667 779 Addit
693 724 827 780 Abraham
855 725 977 781 Eaehuth
1001 726 1087 782 Sadoc
1114 734 1144 783 et

123 807 251 864 Eaiethos
274 807 307 863 ad
321 807 512 873 samaritanos,
537 817 564 864 et
579 808 758 864 Garizitanum
781 810 912 883 templum
934 819 1073 883 receptum
1092 812 1143 866 ha*

123 892 226 949 buisse.
268 891 323 948 Sed
344 891 404 948 lieri
424 901 516 966 potest
549 901 579 948 ut
601 893 731 949 saducaei
753 894 804 966 ipsi
826 911 840 948 a
863 895 953 966 priore
975 895 1020 951 illo
1043 913 1074 952 ac
1096 913 1143 952 ve·
1210 902 1214 911 ’

122 977 274 1034 tustissimo
289 976 421 1033 Pontitioe
443 977 573 1033 oriundos
595 995 656 1033 sese
678 978 800 1051 profiteri
822 978 940 1044 mallent,
964 997 1045 1052 quam
1061 997 1076 1034 a
1090 990 1155 1053 po·'

122 1061 240 1118 steriore
262 1061 409 1134 transfuga,
433 1062 474 1118 vel
497 1064 577 1117 etiam
599 1073 630 1118 ot
651 1062 684 1118 ad
705 1064 832 1118 iustitiae
854 1064 1023 1129 vocabulum,
1048 1074 1075 1120 et
1089 1081 1142 1121 no·

122 1148 201 1203 minis
223 1146 480 1220 interpretationem
502 1147 661 1212 alluderent,
685 1149 765 1220 idque
782 1148 884 1204 crebris
900 1159 1065 1222 usurparent
1080 1167 1141 1206 ser-

122 1231 267 1296 monibus,
297 1232 371 1306 quod
393 1249 476 1287 unum
499 1232 569 1296 idco,
593 1234 783 1304 praetermissa
805 1234 888 1288 altera
910 1250 941 1288 ao
963 1235 1067 1290 veriore
1090 1235 1142 1290 Sa·

123 1317 287 1372 durneorum
311 1317 423 1389 origine,
448 1318 666 1373 commemoravit
688 1317 862 1390 Epiphanius.

210 1404 246 1459 31
266 1403 292 1456 d.
322 1402 442 1473 πνεῦμα
465 1395 498 1456 δὲ
520 1389 606 1476 ἅγιον
628 1393 684 1457 οὐκ
699 1395 795 1474 ἴσασι]
818 1405 934 1458 Aetuum
950 1403 998 1466 23,
1017 1404 1044 1466 8,
1067 1401 1141 1458 Sae-

123 1488 222 1542 ducaei
245 1488 317 1541 enirn
339 1487 434 1541 dieunt
454 1503 512 1541 nort
534 1502 594 1541 esse
615 1488 860 1551 resurrectionem,
883 1483 973 1558 neque
995 1483 1138 1557 Angelum,

122 1588 209 1644 neque
224 1572 363 1643 spiritum,
387 1561 455 1627 οὔτε
470 1560 606 1646 ἄγγελον,
630 1560 699 1627 οὔτε
714 1572 841 1644 πνεῦμα.
871 1571 1000 1643 Spiritum
1017 1579 1140 1626 sanctum

122 1655 171 1712 hoc
201 1657 263 1712 loco
291 1673 346 1710 non
375 1672 445 1711 unus
473 1655 640 1727 Epiphanius
669 1656 815 1721 intellexit,
845 1656 893 1711 sed
920 1663 948 1711 ct
968 1654 1138 1711 Philostrius.

123 1741 211 1809 Quare
242 1750 343 1795 temere
372 1748 399 1795 et
426 1740 613 1812 imprudenter
644 1741 671 1795 in
698 1741 817 1796 Elenobo
840 1740 975 1813 Scaliger:
1003 1739 1149 1810 Ariaiton„

119 1824 218 1898 inquit,
243 1842 321 1879 neore
343 1832 392 1888 est,
416 1831 442 1879 et
462 1825 592 1896 impietas
613 1826 683 1880 hoec
704 1825 799 1896 soteri.
835 1826 957 1881 Proinde
980 1827 1139 1880 enecroodo

117 1911 171 1967 tlte
199 1911 339 1965 sententia
361 1903 503 1974 Serrorta',
530 1911 577 1982 qut
598 1928 655 1965 noe
676 1911 767 1965 minos
789 1911 887 1983 impie,
917 1927 1001 1982 qnam
1021 1911 1140 1966 oddone

113 2011 180 2051 eam
203 2002 304 2049 toetor.
345 1995 411 2050 Nam
434 1994 508 2066 quod
529 1990 564 2050 ait
586 1995 706 2068 πνεῦμα
728 1995 782 2050 illic
804 1995 863 2051 sine
885 1996 997 2051 articulo
1020 1995 1140 2068 positum

112 2082 244 2136 universe
260 2078 343 2145 sumi;
368 2097 430 2134 cum
447 2088 477 2134 ut
493 2079 623 2152 Spiritum
639 2089 763 2136 sanctum
778 2081 951 2153 significaret,
967 2071 1002 2136 τὸ
1017 2081 1138 2152 πνεῦμα

108 2164 293 2222 scribendum
321 2163 417 2228 luerit,
448 2163 522 2236 qnod
547 2164 592 2219 diu
621 2173 684 2220 ante
706 2165 871 2237 Scaligerum
894 2166 1016 2221 Salmero
1044 2173 1139 2220 noster

109 2251 323 2314 observaverat;
347 2249 414 2304 nihil
437 2249 549 2304 adrem
571 2251 698 2322 pertinet.
729 2249 834 2305 Etenim
850 2267 931 2322 saepe
945 2248 1063 2320 πνεῦμα
1078 2249 1137 2303 sine

106 2334 234 2392 articulo
257 2351 306 2406 pro
323 2334 424 2406 Spiritu
441 2342 534 2389 sancto
550 2334 577 2388 in
594 2334 740 2407 Scripturis
756 2343 918 2406 usurpatum
942 2341 972 2388 ut
987 2333 1059 2388 loan.
1071 2335 1097 2396 3,
1109 2336 1136 2388 5.

105 2420 184 2477 Nisi
206 2419 269 2491 qais
291 2426 408 2475 renatos
429 2419 517 2489 suerit
539 2435 574 2472 ec
596 2435 681 2490 agno,
705 2425 731 2472 et
752 2417 875 2490 Spiritu,
899 2413 930 2484 ἐξ
952 2404 1065 2482 ὕδατος
1087 2409 1137 2472 καὶ
1232 2453 1233 2458 1

105 2495 307 2576 nredpawg:
337 2512 364 2559 et
386 2503 443 2558 aliis
466 2503 493 2562 in
514 2503 596 2566 locis,
621 2519 738 2576 quorum
760 2502 890 2557 nonnulla
912 2501 1015 2574 profert
1037 2501 1063 2555 in
1087 2501 1137 2555 tti-

104 2588 220 2647 nervali
243 2587 390 2642 Serrarius.
421 2588 508 2655 Quare
531 2603 585 2642 non
608 2586 783 2659 improbanda
806 2588 872 2642 haec
887 2585 1028 2659 Epiphanii
1050 2587 1137 2641 inter·

104 2673 234 2749 pretatio
257 2672 377 2728 videtur:
408 2671 515 2728 tametsi
538 2671 570 2726 de
593 2671 651 2727 solo
675 2671 777 2743 Spiritu
799 2680 893 2727 sancto
915 2673 1036 2745 praecise
1058 2671 1137 2726 locu-

106 2769 175 2816 tum
197 2766 307 2830 putaret
328 2757 534 2830 Evangelistam.
565 2756 643 2825 Quod
665 2773 778 2813 necesse
801 2774 856 2812 non
879 2766 929 2812 est.
968 2756 1043 2811 Hanc
1065 2756 1136 2816 enim

108 2843 318 2910 Saducaeorum
341 2852 460 2898 mentem
483 2841 722 2915 luisse’suspicor,
746 2849 776 2896 ut
792 2842 921 2915 Spiritum
944 2859 1061 2904 omnem,
1083 2841 1136 2896 hoc

108 2936 156 2985 est
179 2919 386 3001 πνευματικὴν
400 2918 517 2996 οὐσίαν,
530 2927 660 2982 >funditus
676 2927 818 2991 tollerent,
843 2928 959 3001 ideoque
974 2941 1136 2998 corporeum

108 3029 178 3089 esse
193 3012 280 3067 Ecum
302 3019 465 3074 assererent,
489 3020 520 3067 ut
535 3012 656 3085 Lyranus
679 3011 821 3067 existimat.
851 3013 889 3067 Ex
912 3027 966 3086 quo
989 3007 1136 3082 consequi-

108 3105 168 3161 tur,
194 3096 274 3153 etiam
297 3096 427 3169 Spiritum
450 3103 572 3152 sanctum
596 3096 656 3153 illos
678 3095 837 3169 abnegasse.
882 3094 957 3150 Unde
981 3093 1078 3149 merito
1101 3090 1134 3146 ab

110 3180 281 3255 Epiphanio,
310 3180 423 3256 aliisque
453 3181 554 3236 dotum
580 3188 636 3245 est,
667 3181 837 3237 Sadducaeos
860 3180 989 3252 Spiritum
1012 3184 1135 3232 sanctum
1237 3179 1244 3193 ⁸

112 3265 272 3338 ignorasse:
296 3274 327 3321 ut
349 3282 407 3320 eam
430 3282 462 3321 ex
484 3274 542 3321 toto
565 3282 666 3337 genere
680 3266 742 3322 τῶν
756 3255 938 3337 πνευμάτων
952 3261 1070 3334 speciem
1084 3260 1135 3315 de·

83 3381 87 3386 ·
114 3349 241 3425 ligerent,
265 3367 318 3422 qua
340 3358 437 3423 negata
455 3350 541 3406 maius
556 3350 594 3405 illi
608 3349 660 3405 sibi
676 3350 820 3422 impietatis
836 3349 937 3404 crimen
953 3351 1133 3402 arcesserent.

121 3472 124 3478 ·
199 3429 242 3492 col
268 3426 368 3491 πάντα
392 3429 425 3491 δὲ
447 3428 498 3491 ἴσα
520 3429 743 3510 Σαμαρείταις;
770 3424 974 3511 φυλάττουσι]
1011 3430 1134 3487 Etiamne

116 3536 208 3576 saeros
231 3536 325 3576 omnes
347 3519 441 3585 libros,
465 3527 574 3593 praeter
589 3519 803 3575 Pentateuchum
827 3513 1024 3590 repudiarunt‘l
1052 3515 1135 3571 Alliu-

116 3614 190 3662 mant
205 3613 311 3662 veteres
327 3620 430 3670 omnes,
447 3605 606 3678 pracsertim
621 3604 762 3678 Origenes,
786 3602 976 3668 Tertullianus,
1000 3601 1135 3674 llierony-
