2534 4154
166 320 235 391 aad
617 343 731 392 reravn
781 359 796 367 v

166 491 349 574 γράψαντες,
371 498 528 570 πανταχοῦ
550 491 780 570 διαπέμπονται.
810 496 961 568 Manifesta
984 504 1042 551 tum
1059 496 1184 553 Consob-

165 583 309 637 stoutiola‘s
330 595 424 635 ericam
446 583 623 636 anathemate
645 585 793 645 damnant,
823 582 981 653 opinionem
1001 598 1083 646 voro,
1108 585 1186 655 quod

167 667 362 721 attonsione·
385 668 529 722 dissimilis
552 676 636 731 esset,
659 685 714 739 per
735 669 832 722 literas
854 668 976 738 comptos
998 668 1102 738 ultique
1125 670 1182 723 dis·
1235 717 1237 722 ,

165 753 304 806 sominare
318 759 485 822 coeperunt.
516 754 589 807 ltane
612 771 704 807 verum
726 761 769 806 est
786 751 828 806 vel
843 753 1013 807 anathemate
1028 754 1191 808 damnatam

168 828 421 891 Consulatoatiolis
443 824 545 901 vocem,
568 838 610 892 vel
632 839 832 892 Anomoeorum
856 836 1031 909 dogmatum
1054 837 1087 891 ab
1104 839 1182 892 Ariu-

165 923 206 976 nis
229 922 312 976 luisse
334 920 493 976 decretum‘l
523 924 578 977 lrno
600 939 663 977 vero
686 922 782 976 falsum
805 931 855 976 est.
886 922 945 977 Non
959 918 1049 985 enim,
1072 923 1179 994 opinor,

165 1006 320 1060 Seruiariani
342 1008 397 1060 τοῦ
419 999 565 1080 ἀνομοίου
591 1024 685 1062 osores
708 1007 830 1061 acerrimi
852 1006 932 1060 fidem
954 1007 981 1060 in
1003 1007 1046 1061 illa
1069 1006 1181 1079 Synodo

163 1090 320 1145 refloruisse
341 1091 471 1154 dicerent,
494 1093 517 1146 si
541 1093 566 1146 in
584 1109 614 1146 ea
629 1092 701 1146 istud
717 1094 814 1164 ipsum,
838 1092 915 1146 euius
932 1091 1068 1146 evertendi
1085 1108 1181 1148 caussa

163 1185 354 1239 convenerant,
376 1171 545 1248 sacrilegium
567 1175 733 1248 publicatum
756 1185 837 1230 esset.
868 1177 933 1231 Natu
956 1176 1029 1248 quod
1052 1176 1085 1230 ad
1104 1170 1180 1249 ὃμο-

163 1255 268 1315 οοοίοο
296 1267 389 1315 tonent
418 1262 528 1325 attinet,
561 1271 665 1316 eertum
695 1270 736 1316 est
763 1275 822 1315 earn
845 1261 953 1334 quidem
976 1261 1002 1315 in
1026 1261 1180 1318 Sardieensi

161 1346 371 1418 pseudosynodo
401 1357 587 1418 suppressam,
617 1363 672 1400 non
700 1354 790 1400 tamen
820 1347 989 1400 anathemate
1015 1346 1180 1402 damnatam.

162 1431 384 1501 Quandoquidem
413 1432 440 1485 in
468 1432 581 1486 caeteris
603 1432 764 1486 Arianorum
792 1430 984 1494 conventibus,
1015 1431 1060 1502 qui
1084 1441 1180 1503 postca

161 1515 300 1570 subsecuti
324 1524 397 1580 sunt,
422 1507 785 1571 tametsi-Consnbstantialis
808 1516 952 1587 appellatio
974 1516 1031 1588 ipsa
1049 1515 1183 1571 dissimu-

160 1600 213 1655 lata
235 1600 285 1664 sit,
314 1617 368 1655 non
391 1591 718 1673 tamen-'ita÷³repi1diata,
749 1607 779 1655 ut
801 1601 964 1656 anathemati
987 1598 1178 1667 subiiceretur,

160 1685 208 1739 sed
228 1684 357 1756 tanquam
380 1676 541 1758 simplicius,
572 1703 605 1740 ae
622 1696 737 1780 praeter
755 1702 908 1758 expressam
930 1700 1069 1740 sacrorum
1083 1678 1180 1742 libro-

160 1787 219 1822 rum
243 1771 433 1826 authoritatem
457 1781 585 1844 usurpata
608 1771 738 1843 supprimi
761 1770 910 1826 iuberetur.
941 1770 1001 1838 Quo
1016 1770 1097 1824 etiam
1112 1768 1179 1827 iltuit

160 1862 280 1923 spectat,
304 1855 375 1924 qnod
400 1872 481 1926 supra
503 1873 534 1909 en
558 1856 652 1927 Sulpit
647 1873 673 1933 to
695 1855 977 1917 commemoravimus,
1009 1856 1122 1909 Arianos
1146 1855 1179 1910 ad

161 1936 314 1991 sirmiensis
335 1954 423 2009 usque
448 1939 557 1994 Concilii
581 1928 702 2012 tempora
724 1931 845 1995 nondum
868 1948 960 2012 aperte
979 1939 1088 1994 Nieaeni
1105 1931 1180 1996 Con-

161 2021 212 2074 cilii
235 2021 342 2077 decreta
365 2038 522 2124 qppugnare
545 2035 625 2079 ausos
650 2041 725 2079 esse:
755 2025 827 2096 quod
849 2025 971 2096 prolecto
994 2024 1131 2089 lacerent,¹
1155 2025 1178 2080 si

160 2122 214 2159 uon
237 2106 324 2159 solum
347 2099 382 2161 τὸ
404 2100 567 2179 ὃμοουοιον
588 2110 758 2164 anathemate
779 2110 952 2173 damnarent,
978 2125 1072 2165 verum
1096 2110 1178 2169 etiam

160 2191 327 2245 dissimilem·
345 2209 405 2247 esse
428 2193 514 2247 Patris
537 2193 631 2268 Filium
660 2193 745 2249 libere
774 2204 922 2268 aperteque
953 2194 1176 2266 pronunciarent.

127 2320 130 2324 ,
158 2277 251 2346 ltaque
268 2276 419 2332 Sozorneno
442 2279 535 2372 potius
557 2279 758 2333 assentiendum
782 2297 861 2351 quam
878 2279 991 2334 Socrati.
1032 2279 1090 2334 Etsi
1105 2279 1177 2352 apud

158 2359 260 2415 lruuo'
254 2376 279 2414 rn
304 2354 421 2417 editione
437 2364 579 2464 notissima
597 2364 781 2419 Graeculatina
801 2381 853 2439 pro
874 2358 931 2438 τὴν
915 2365 1015 2419 ντοῦ
1029 2357 1176 2459 ἀνομοίου

159 2439 252 2511 ὸόξαν
274 2449 435 2519 rescriptum
459 2457 515 2512 est,
544 2468 599 2522 eqo
618 2450 673 2504 τοῦ
697 2441 881 2521 ανομουσίου
905 2442 960 2516 δόξ’
962 2467 1007 2502 αν.
1052 2449 1133 2516 Quod
1151 2430 1179 2504 si

159 2544 190 2584 ex
210 2539 340 2587 aeterum·
353 2533 478 2587 coelicum
502 2534 665 2588 authoritate
689 2535 786 2590 sactum
811 2542 861 2597 est,
885 2550 939 2589 non
961 2533 1096 2605 improbo.

107 2620 174 2668 321·
245 2617 353 2678 Sallu,
376 2613 402 2671 ei
422 2613 479 2689 μὲν
499 2614 548 2672 καὶ
572 2616 737 2692 λογισμοῖς]
785 2620 859 2673 Corr.
891 2612 932 2674 ἔτι
954 2612 1017 2692 μὴν
1038 2613 1088 2672 καὶ
1112 2616 1175 2694 loy.

158 2699 281 2752 Ostendit
303 2700 415 2755 Basilius
439 2716 472 2758 se
496 2703 529 2758 da
546 2695 703 2758 ¹Sardieensi
725 2703 770 2758 illo
794 2703 967 2758 Orientalium
990 2710 1019 2758 et
1041 2703 1178 2759 Occiden-

156 2782 248 2838 talium
271 2784 380 2840 dissidio
403 2795 472 2857 opus
491 2788 630 2859 quoddam
653 2788 836 2843 elucubrasse.

171 2896 173 2903 ·
241 2870 344 2924 'atta
383 2866 494 2944 οὶπιζομ
497 2890 539 2926 ιον
569 2867 620 2926 ded
648 2867 683 2928 ed
713 2865 879 2973 eoipqur]
925 2873 1007 2927 Forte
1035 2873 1090 2945 leg.
1118 2863 1175 2946 ἧλ-

155 2947 287 3025 πίζομεν.
360 2986 363 2991 -

124 3097 126 3102 ,
159 3070 164 3079 2
242 3028 873 3114 8471).ἐκθέσθαιεἴςτοοτοτὸεῗδος]
914 3040 971 3096 lloe
1001 3043 1093 3096 estin
1115 3042 1175 3097 sor·

155 3122 254 3186 marla,
251 3124 489 3196 professioneque
512 3125 573 3179 fidei
596 3127 753 3182 nominatim
776 3128 849 3192 eius,
873 3128 944 3201 quod
968 3129 1001 3180 ab
1024 3126 1173 3182 llaeretiois

155 3216 336 3323 oppugnatur,
361 3211 525 3264 mentionem
549 3210 672 3265 adiicere

201 3296 341 3350 848ο.
387 3293 537 3371 καθαρῶς
568 3289 624 3360 τὴν
655 3296 711 3351 τοῦ
743 3292 773 3362 εξ
806 3287 986 3369 ασανμάτου]
1032 3297 1097 3369 Lag.
1131 3292 1174 3362 εἰς

154 3367 208 3448 τὴν
229 3379 311 3435 τοῦ
487 3424 491 3435 .
715 3414 717 3419 -

213 3465 341 3519 850o.
373 3455 464 3529 ώςο
474 3457 606 3542 οετονώς
625 3458 740 3536 ’βόλους
760 3456 888 3541 dodoau]
919 3414 1055 3534 Quaedam
1079 3482 1173 3522 exeru-

154 3543 236 3614 plan'a
259 3562 309 3620 pro
330 3542 444 3619 βόλους
465 3565 607 3623 perperam
629 3542 751 3619 βώλους
773 3552 908 3616 exhibent,
932 3551 985 3606 ltoc
1008 3560 1050 3606 est
1064 3554 1171 3622 plebeo.

154 3628 228 3693 Naro,
241 3630 386 3688 Hebraico-
398 3633 597 3706 seriptum-est
609 3631 753 3697 auem
773 3638 867 3695 cottas
889 3637 973 3693 coria
1016 3638 1102 3710 Apod-
1118 3638 1174 3695 Na-

309 3718 353 3757 ’,ί
