2534 4154
484 329 775 382 anruaovcnsroues.
1080 316 1145 382 tut

102 489 196 548 llaec
218 487 363 562 Eicephori
387 486 549 543 chronicon.
579 487 614 542 lt
635 485 769 542 Eusebius
789 489 818 551 4,
837 488 854 543 5
877 496 904 544 et
927 487 953 543 in
970 488 1070 546 Chron.
1092 492 1145 548 ns'-

107 585 165 651 gat
191 582 328 639 constare,
351 581 418 646 quot
434 572 511 628 annis
526 571 719 646 Hierosolymis
734 572 885 646 Episcopus
901 571 1017 647 qnisquc
1033 566 1144 633 sederit.

105 660 191 718 lllud
214 669 289 715 extra
311 658 521 714 controversiam
545 665 619 722 esse,
650 657 723 713 brevi
751 657 894 714 admodum
918 667 1042 733 tempore
1062 665 1198 734 prae-266

111 747 225 802 inisse:
250 743 317 799 adeo
339 751 371 799 nt
392 743 425 798 ad
447 751 612 815 postremam
628 742 789 798 ludaeorum
805 742 983 808 obsidionem,
1007 762 1078 819 quae
1092 745 1144 805 sub

113 830 241 887 Adriano
265 827 387 900 contigit,
410 826 536 899 Episcopi
558 826 659 883 inerint
681 827 791 884 «omnino
812 832 858 885 15.
890 829 983 903 ltaque
998 829 1070 886 unde
1086 831 1146 889 sio-

115 915 252 990 gulorum
274 930 360 968 annos
382 913 533 985 expiscatus
556 911 591 967 sit
606 911 784 986 Nicephorus,
808 913 925 969 divinare
948 931 1002 970 non
1021 930 1143 988 possum.

115 1001 245 1057 Pessime
268 1007 357 1054 tamen
380 1005 528 1070 conceptos
544 1012 674 1052 essenon
690 996 802 1052 dubium
817 1007 868 1054 est.
899 999 1031 1073 imprimis
1047 1001 1144 1059 lacobo

118 1101 211 1142 anuos
234 1082 328 1138 tribuit
342 1084 394 1139 26.
418 1084 545 1155 symeoni
562 1082 611 1146 23,
635 1081 709 1155 quod
727 1089 865 1157 utrunque
881 1083 986 1140 laisum.
1017 1086 1145 1144 iacobum

120 1170 222 1227 eodem
244 1184 324 1232 anno,
348 1183 402 1240 quo
427 1166 550 1222 Christus
574 1167 600 1221 io
623 1167 727 1222 coelum
752 1168 881 1232 ascendit,
906 1169 1058 1225 ordinatum
1080 1171 1147 1229 llis-

120 1254 325 1327 rosolymorum
352 1251 515 1325 Episcopum
544 1250 624 1307 docet
648 1251 781 1307 Eusebius
809 1253 836 1307 in
861 1252 1004 1309 Chronico.
1051 1255 1145 1332 Neque

122 1340 195 1396 enim
219 1354 312 1394 verum
336 1346 377 1392 est
405 1337 477 1410 quod
500 1335 709 1392 Alexandrinum
731 1337 842 1402 asserit,
877 1346 933 1393 turn
956 1355 970 1393 a
993 1338 1074 1394 Petro
1097 1343 1147 1397 or-

122 1425 246 1481 dinatum
269 1439 338 1486 esse,
362 1438 422 1477 cum
445 1421 467 1476 is
483 1421 594 1477 Enniam
610 1421 837 1494 proficisceretur.
869 1422 980 1477 Occisus
997 1432 1038 1479 est
1053 1433 1146 1482 autem

123 1525 195 1565 enno
212 1508 327 1563 Neronis
345 1510 360 1563 7
385 1505 502 1561 testibus
524 1506 619 1561 eodem
636 1506 753 1562 Eusebio
776 1516 805 1562 ct
821 1507 984 1580 Hieronymo
1000 1508 1025 1563 in
1043 1509 1144 1583 Script.

122 1593 229 1650 Ecclcs.
259 1592 351 1664 Longe
373 1591 444 1646 enim
467 1591 575 1646 aberrat
590 1591 731 1647 Alexandr.
749 1591 849 1648 Chron.
866 1592 939 1666 quod
953 1593 1108 1666 Vespasiani
1128 1598 1140 1654 i

122 1679 219 1735 indict.
238 1680 284 1734 ll.
315 1675 397 1731 Galba
420 1685 448 1732 ct
470 1675 529 1732 Tito
553 1675 659 1732 Rullino
677 1676 752 1732 Coss.
775 1677 865 1732 lacohi
886 1693 979 1734 necem
1003 1680 1145 1755 consignet

122 1781 150 1836 p.
169 1765 241 1820 581.
271 1762 324 1816 lam
347 1777 410 1816 vero
434 1760 466 1824 si,
490 1770 520 1816 ut
542 1770 621 1816 antea
643 1761 767 1834 pluribus
790 1762 953 1818 declaratum
977 1772 1027 1827 est,
1051 1765 1146 1823 Passio

123 1848 230 1904 Domini
258 1846 285 1901 in
311 1863 412 1902 annum
434 1845 564 1901 lulianum
590 1848 628 1904 76
651 1855 797 1920 congruat,
827 1847 941 1903 Neronis
970 1866 1033 1905 vero
1058 1854 1074 1907 7
1098 1850 1147 1907 lu-

121 1932 195 1989 liano
210 1935 278 1995 105,
302 1931 464 2004 Dionysiano
488 1933 526 1987 60
550 1931 648 1995 inierit,
671 1930 785 1987 lacobus
810 1933 848 1989 30
872 1933 933 2006 plus
957 1934 1045 1990 minus
1067 1939 1146 1993 annis

122 2015 314 2074 Pontificatum
337 2016 434 2072 tenuit.
465 2015 582 2089 Symeon
604 2032 687 2089 porro
706 2033 769 2072 cum
784 2016 817 2072 ab
833 2016 992 2074 Eusebioio
1009 2019 1146 2078 Chronico

122 2102 230 2158 Traiani
251 2104 285 2157 to
308 2102 336 2156 in
358 2114 466 2156 crucem
489 2111 566 2157 actus
588 2101 702 2166 dicatur,
726 2103 833 2159 hocest
849 2103 1034 2168 chrisoliti,
1055 2122 1146 2163 annos

123 2187 226 2246 solidos
250 2189 288 2245 47
313 2185 402 2258 eregit
424 2185 450 2240 in
473 2186 646 2260 Episcopatu.
676 2187 855 2259 insequentes
877 2205 939 2244 vero
965 2189 1145 2247 5Poutiliccs

124 2274 157 2328 ad
179 2288 280 2327 annum
296 2270 402 2325 Traiani
422 2272 456 2327 19
480 2288 535 2325 non
557 2271 671 2344 amplius
691 2274 727 2328 10
750 2272 827 2327 annis
850 2272 1034 2344 praefuerunt,
1058 2275 1081 2329 si
1097 2292 1146 2331 ve-

123 2374 185 2412 rum
207 2356 316 2429 scripsit
337 2355 512 2429 Epiphanius.
541 2355 606 2410 Nam
626 2357 663 2413 18
685 2372 772 2420 annos
793 2356 845 2412 illis
868 2356 990 2413 attribuit
1012 2358 1038 2412 in
1056 2350 1146 2416 Chro-

122 2442 186 2498 nico
207 2440 385 2515 Nicephorus.
430 2440 585 2496 Secundum
612 2456 681 2515 quos
704 2447 767 2496 octo
790 2457 806 2496 e
827 2441 1024 2498 circoncisione
1047 2436 1144 2517 reliqui

124 2535 189 2583 suot
218 2525 344 2599 Episcopi
373 2526 406 2580 ad
440 2532 585 2581 extremam
620 2541 707 2598 usqne
736 2524 896 2581 ludaeorum
926 2525 1043 2591 cladem,
1074 2544 1145 2601 quae

123 2611 295 2669 ndomita
324 2609 357 2666 ab
380 2609 497 2665 Eusebio
525 2609 644 2682 ponitur.
688 2609 770 2681 htqui
803 2612 838 2668 18
862 2610 969 2666 Adriani
992 2612 1050 2668 iniit
1072 2628 1146 2672 anno

126 2694 226 2753 Christi
237 2698 338 2754 2135(
365 2695 436 2768 Ergo
459 2693 584 2768 Episcopi
607 2694 644 2750 illi
669 2695 685 2752 8
710 2710 763 2749 non
786 2695 857 2750 ultra
882 2697 920 2753 20
944 2713 1029 2754 annos
1052 2699 1145 2757 sedern

123 2781 196 2838 illam
219 2780 406 2837 obtinuerunt.
451 2779 504 2836 Sed
527 2778 673 2835 mendosus
696 2786 738 2834 est
760 2779 901 2854 Epiphanii
923 2781 1009 2848 locus,
1039 2784 1065 2839 in
1088 2770 1146 2858 quo

124 2867 256 2940 seriptum
284 2874 328 2922 est
354 2859 442 2938 μέχρι
471 2855 633 2920 ἑνδεκάτου
654 2856 826 2921 Ἀντωνίου.
870 2865 920 2922 Ubi
950 2868 1066 2942 primum
1093 2884 1146 2944 pro

118 2943 282 3007 Ἀντωνίου
295 2942 455 3025 Ἀδριανοῦ
469 2949 698 3006 substituendum.
730 2950 797 3005 Eum
812 2946 1078 3009 ἐννεακαιδεκάτου
1093 2970 1147 3027 pro

125 3025 298 3092 ἑνδεκάτου.
341 3034 475 3090 Eusebius
499 3035 578 3099 enim,
602 3051 635 3090 cx
657 3051 711 3107 quo
733 3035 784 3091 ista
807 3037 946 3092 transtulit
967 3037 1144 3110 Epiphanius,

125 3137 196 3177 anno
219 3120 328 3176 Adriani
356 3121 391 3177 19
419 3119 538 3176 llarcum
567 3128 630 3192 post
654 3123 691 3176 15
720 3120 842 3175 iudaicae
872 3121 964 3194 stirpis
992 3122 1143 3188 Antistites,

125 3206 242 3278 primum
265 3222 280 3262 e
302 3204 429 3278 gentibus
451 3204 720 3278 hierosolymitanam
742 3205 889 3261 Ecclesiam
915 3206 1017 3261 rexisse
1040 3206 1143 3265 scribit.

126 3290 180 3347 Sed
201 3289 267 3346 illud
283 3289 433 3363 Epiphanio
456 3306 578 3347 caussam
593 3290 716 3345 attulisse
730 3289 837 3344 videtur
851 3289 960 3353 erroris,
984 3291 1056 3363 qnod
1073 3290 1146 3350 idern

125 3373 431 3440 terebinthinae
454 3393 516 3431 eum
539 3374 796 3447 hierosolymitanos
818 3390 912 3428 omnes
928 3374 1076 3448 Episcopos
1098 3392 1146 3434 rc-

126 3451 293 3525 eensuisset,
317 3459 432 3516 subinde
454 3459 562 3515 hdnaoi
583 3460 619 3516 12
643 3474 742 3514 annum
765 3467 966 3522 commemorat,
991 3477 1045 3533 quo
1061 3462 1147 3536 Xyno

127 3545 255 3603 defuncto
271 3545 454 3618 Telesphorus
476 3545 618 3601 suecessit.
649 3542 723 3599 Unde
746 3542 855 3616 collegit
877 3544 1016 3616 superiora
1039 3547 1072 3603 ad
1094 3558 1146 3604 nn-

126 3647 192 3699 num
218 3635 250 3691 ll
277 3631 424 3705 pertinere.
456 3629 615 3704 Sequuntur
630 3628 755 3702 Episcopi
773 3630 799 3693 5,
823 3645 892 3701 quos
911 3629 944 3684 ad
966 3633 999 3687 10
1016 3632 1145 3691 Antonini
