2534 4154
457 334 749 386 iuiuioeeuuones.
1056 320 1116 385 tlt

30 476 33 483 ’
96 491 146 547 iata
170 490 343 564 proponitur.
378 493 387 547 l
416 489 513 556 Sadoe,
544 492 735 556 2llehimaas,
765 491 923 555 3Aaaeias,
948 493 966 551 4
989 492 1117 556 Iohanne,

10 604 19 655 p
96 576 119 637 ,4
138 575 257 640 laamas,
282 577 300 631 6
324 576 453 640 amarias,
479 580 495 634 7
517 575 645 642 leniret,
671 576 800 640 asinoe,
825 576 972 641 dsellum,
1000 580 1037 634 to
1053 576 1120 634 llel·

10 668 15 733 j
95 660 161 726 eias,
195 663 229 716 ll
254 660 372 724 diarias,
404 662 442 718 12
464 660 580 725 Samias,
612 662 649 720 1³
674 661 793 718 losedeo.
832 661 925 722 Fuerit
946 661 1030 735 igitur
1050 663 1168 729 heptat

96 745 151 801 rias
180 744 251 801 idem
279 761 311 800 ae
333 745 454 810 loiadas,
483 745 557 820 quod
579 746 726 802 nonnullos
748 745 894 802 arbitratos
918 762 979 813 esse
1000 746 1120 805 'testitn'r

95 827 178 887 Atat
202 831 230 885 in
254 830 327 886 hune
355 829 446 887 locum
468 829 538 888 lihl
564 831 680 903 Paralip.
725 831 796 886 Saue
825 831 975 905 pertricosa
1003 848 1048 889 res
1077 828 1121 891 et't

96 914 260 971 ludaeorum
274 914 437 971 Pontificum
460 915 607 978 successio,
631 932 748 988 quorum
765 917 873 972 nomina
888 917 960 989 apud
975 910 1121 990 losepham

93 998 129 1056 ab
152 999 195 1063 iis,
220 1017 289 1073 quae
311 1000 338 1055 in
360 999 408 1056 lia.
430 1000 545 1074 Paralip.
568 1001 721 1064 traduntur,
745 1000 927 1058 diversissima
948 1010 1022 1058 sunt.
1066 1001 1121 1058 Ex-

91 1084 264 1158 peditissima
287 1085 447 1141 conciliandi
469 1085 538 1141 ratio
560 1095 614 1148 est,
637 1095 668 1141 ut
689 1085 836 1160 plerosque
851 1085 994 1159 multiplici
1010 1087 1120 1144 nomiae

40 1179 43 1183 ’
95 1169 235 1244 praeditos
258 1169 431 1226 affirmemus.
463 1169 607 1226 Caeterum
628 1171 656 1225 in
681 1170 848 1227 Sacerdotali
864 1169 938 1226 Eliae
959 1188 990 1228 ae
1013 1171 1119 1229 loiadae

10 1278 15 1301 ·-
94 1256 183 1328 stirpe
211 1256 280 1311 duos
307 1255 490 1328 praetermisit
516 1255 698 1328 Epiphanius:
728 1255 916 1318 natalitiam,
947 1257 1007 1328 qui
1022 1265 1076 1313 est
1091 1257 1120 1313 in

10 1348 15 1353 '
94 1340 237 1413 Scriptura
261 1340 316 1404 Oai
345 1339 429 1396 lilium
451 1340 536 1396 luisse
558 1341 674 1397 Phineos
696 1341 793 1406 tradit,
817 1357 878 1398 aum
901 1355 959 1395 eins
981 1356 1120 1465 pronepos

15 1496 18 1501 Ι
95 1425 188 1481 luerit.
221 1424 317 1480 Omisit
339 1425 411 1480 enim
432 1424 533 1482 abisue
556 1434 585 1482 et
606 1425 695 1481 Booei

184 1510 288 1567 4704
318 1500 338 1584 ἢ
365 1502 502 1582 μόνον
488 1529 519 1566 ιν
546 1513 614 1577 ταῖς
633 1503 934 1589 Παραλειπομὲναις]
980 1511 1018 1566 lle
1047 1508 1121 1566 Elina

94 1595 184 1667 stirpe
204 1595 231 1650 in
247 1594 408 1668 Paralipom.
431 1594 506 1650 libris
529 1595 603 1669 quod
625 1596 707 1652 seiam
722 1595 835 1652 verbum
850 1594 964 1659 nullum.
993 1594 1122 1668 Alioquin
1168 1615 1181 1638 ·

95 1679 204 1735 sublata
227 1679 314 1735 omnis
336 1687 410 1736 esset
430 1679 477 1735 illa
497 1680 531 1736 de
552 1680 624 1736 Eliae
647 1681 780 1753 quaestio,
804 1681 826 1737 si
848 1680 958 1755 dequa
981 1679 1121 1737 tribuna*

95 1773 143 1821 tus
166 1772 248 1829 esset,
271 1764 312 1820 vel
334 1765 468 1821 levissime
491 1765 665 1838 significaret.

95 1887 98 1892 -
182 1851 245 1907 472
262 1866 287 1906 o.
316 1845 508 1926 Σαμαρεῖται
535 1843 591 1922 μὲν
619 1844 678 1926 γὰρ
704 1850 826 1922 τοῦτον]
871 1849 910 1907 lta
933 1851 1052 1907 sensisse
1073 1848 1167 1906 liri-2³·

95 1934 181 1991 daeos
203 1934 321 1991 declarat
344 1934 512 1990 llierontad
532 1935 678 2008 Euagrium
702 1935 787 2008 Epist.
801 1937 858 1993 tae
883 1943 910 1991 et
928 1953 967 1992 ex·
986 1934 1121 1992 Midraseh
1188 1954 1193 1966 ·

95 2021 188 2094 agada
209 2019 289 2076 docet
310 2019 341 2074 ll.
366 2019 495 2075 Selomoh
517 2020 545 2075 in
572 2023 607 2077 14
631 2021 699 2076 Gen.
723 2037 774 2077 nee
796 2036 851 2076 non
874 2029 903 2076 et
918 2021 1000 2077 -Ahen
1023 2020 1119 2078 iletre.

95 2104 151 2162 Neo
185 2104 297 2160 dubium
325 2112 368 2159 est
390 2104 454 2176 quin
478 2121 510 2160 er
531 2104 717 2162 Hebraeorum
741 2113 768 2161 et
789 2105 946 2162 Latinorum
968 2105 1120 2173 ratioaihara

12 2224 18 2231 ·
95 2198 249 2263 oongmant
271 2198 403 2261 tempora
439 2188 505 2244 Nam
527 2189 680 2246 abrahamo
704 2190 851 2263 supervixit
873 2190 938 2246 Sem
960 2207 1045 2247 anuos
1063 2192 1123 2253 '35'

10 2280 13 2285 '
97 2278 131 2331 At
153 2291 186 2330 ex
204 2274 271 2333 LXX
286 2273 431 2330 Seniorum
453 2274 571 2331 editione
594 2291 766 2349 nequaquam
789 2277 968 2340 conveniunt,
993 2283 1024 2333 ut
1045 2270 1123 2353 reatd

94 2359 200 2432 colligit
220 2358 402 2453 Epiphanius.
428 2358 527 2414 Verum
551 2359 584 2415 de
606 2360 657 2415 hae
679 2359 849 2423 ludaeorum,
874 2366 920 2413 aut
936 2346 1124 2417 Samaritano-¹

10 2472 27 2497 -.
94 2460 157 2501 rum
186 2443 329 2516 opinione,
361 2460 392 2501 ao
420 2444 533 2500 caeteris
563 2443 596 2500 de
618 2443 814 2499 Melchisedeoo
837 2452 959 2499 veterum
981 2444 1123 2511 erroribus}

18 2544 31 2553 ··
96 2527 220 2602 pluribus
244 2528 299 2601 agit
315 2527 425 2583 Hieron.
449 2527 510 2584 loeo
534 2529 632 2595 eitat03
656 2528 843 2602 copiosissime
866 2543 929 2583 vero
951 2527 1124 2605 recentiores

31 2606 34 2611 ’
95 2626 235 2671 sacrarum
257 2612 397 2669 literarum
419 2613 586 2686 Interpretes
609 2622 637 2669 et
660 2612 841 2688 chronologi,
871 2622 959 2670 uteo
980 2612 1070 2669 minus
1092 2613 1124 2669 iad

95 2696 146 2759 hae
168 2697 329 2795 quaestione
353 2698 515 2755 commorari
538 2715 652 2754 neeesse
675 2699 719 2754 sit.
1121 2724 1124 2729 ·

180 2771 230 2839 ὅτε
252 2773 310 2858 γὰρ
327 2775 472 2858 Ἀβραὰμ
491 2775 637 2861 ὑπῆρχεν]
668 2783 762 2839 Falsus
786 2791 828 2839 ost
849 2782 953 2858 aliquot
974 2783 1051 2839 annis
1067 2760 1125 2843 nir-i

94 2882 190 2924 merus
209 2867 271 2923 iste
303 2867 368 2923 Nam
391 2877 422 2924 ut
444 2885 476 2925 en
496 2869 594 2925 Genes.
618 2870 690 2925 old
714 2876 841 2931 constat,2
846 2870 896 2927 85
920 2869 1049 2926 duntaxat
1069 2864 1125 2927 ari*—

94 2962 194 3029 porum
217 2960 276 3008 erat
290 2951 439 3009 Abraamus
462 2971 523 3010 eum
538 2957 610 3027 Agar
631 2952 755 3009 ancillam
777 2952 861 3018 duxit,
885 2954 959 3028 quod
981 2953 1126 3051 postorihu

93 3046 138 3095 est
162 3036 332 3110 expeditione
355 3037 399 3094 illa
421 3048 517 3094 eontra
538 3056 618 3113 reges
642 3042 670 3095 4.

103 3178 106 3183 .
182 3123 286 3180 4724.
317 3117 368 3177 καὶ
391 3118 531 3196 ἐξέβαλεν
553 3117 638 3202 αὐτῳ
661 3113 768 3199 aproni]
811 3121 944 3194 Egregius
973 3122 1018 3178 hie
1041 3078 1125 3180 lours

93 3206 128 3265 ad
151 3207 281 3264 tuendam
302 3206 335 3263 ah
352 3206 557 3265 llaeretioorum
580 3181 720 3264 calumniis
743 3222 914 3263 communem
930 3206 981 3261 PP.
999 3207 1121 3263 omnium

94 3293 288 3353 authoritatem
311 3293 542 3358 assentantem,
566 3295 613 3366 qui
636 3293 737 3350 axillis
759 3292 898 3348 Geneseos
921 3290 1009 3348 verbis
1031 3291 1121 3348 dedu-

94 3392 160 3435 oere
180 3378 280 3443 solent,
303 3376 530 3434 Melchisedeeum
553 3378 586 3433 ad
609 3396 689 3434 usum
712 3376 835 3434 sacrificii
858 3392 955 3449 panem
979 3383 1007 3432 et
1028 3376 1125 3434 ιίιιιιιι

95 3462 258 3558 protulisse,
283 3471 311 3519 et
333 3479 365 3518 eo
380 3463 447 3536 ipso
471 3461 602 3520 sacrificio
625 3463 798 3521 incruentum
822 3461 921 3519 Christi
943 3461 1065 3543 eorporis
1088 3477 1121 3520 ae

94 3547 235 3621 sanguinis
258 3547 434 3604 adumbrasse
456 3545 627 3613 sacrificium.
667 3547 746 3616 Quod
769 3556 796 3603 et
814 3546 929 3627 Hieron
952 3544 1033 3603 docet
1048 3544 1126 3639 1444·-ἲ

94 3631 188 3699 stola
194 3631 227 3688 ad
233 3631 402 3707 Euagrium
429 3641 472 3701 et
486 3639 606 3700 veteres,'
634 3632 676 3689 uti
704 3633 806 3691 dietum
821 3622 891 3700 est,
905 3630 1129 3707 propemedum

67 3787 70 3793 .
146 3725 966 3782 mtpnanius.t.1q
