2534 4154
487 319 777 371 snrurovmsrouns.
1080 302 1143 372 eat

131 478 202 535 rium
226 493 307 532 omne
334 476 459 540 sustulit,
469 476 591 555 quod
584 494 611 532 m
633 477 729 533 harum
751 475 863 532 notione
885 492 978 531 verum
998 475 1144 549 Apostoll!

127 560 279 621 coustituit.

213 648 315 705 reta.
345 636 388 702 ἔτι
409 638 524 719 ταύτην
544 639 666 718 τελετὴν
687 638 752 702 κατ’
777 639 854 718 ἔτος]
884 637 987 719 τελετὴ
1008 645 1061 702 boc
1082 594 1144 707 too

124 731 169 789 uel
198 731 311 787 solenne
332 731 446 794 testum,
475 747 506 786 ac
528 728 713 786 celebritatem
735 730 882 804 significat,
911 730 953 786 vel
974 729 1142 791 sacrificiu.

123 817 244 890 llesycb.
266 804 530 891 reterene‘oprnl,
552 809 677 885 θυσίαι,
697 810 862 890 μυστήρια.
907 816 976 872 Orus
999 814 1142 875 thermus

123 901 202 975 apud
213 900 329 974 Etpmol.
352 900 495 957 authorem
512 892 635 966 τιλιτιὶς
648 900 767 973 appellat
780 895 836 967 τὰς
849 895 978 974 μείζους,
1001 895 1051 954 καὶ
1064 892 1143 972 μετά

124 1002 208 1052 τινος
233 987 382 1059 μυστικῆς
401 977 601 1060 παραδόσεως
622 975 738 1060 ἑορτάς.
781 986 865 1042 Recte
887 985 970 1058 igitur
991 1001 1052 1041 cum
1073 983 1143 1044 Cute

123 1071 204 1128 nario
224 1071 327 1143 fastum
348 1070 392 1126 hic
414 1069 585 1143 interpretati
607 1087 711 1126 sumus.
743 1071 860 1127 Tametsi
883 1071 916 1126 de
938 1069 1066 1126 sacrificio
1088 1087 1142 1143 pe.-

124 1155 382 1229 remoraremur,
405 1155 478 1230 quod
501 1154 741 1212 Serrarioraostro
763 1155 873 1229 placuit,
901 1155 1056 1228 praesertim
1078 1170 1142 1215 cut

124 1241 206 1296 llaer.
225 1243 263 1300 78
287 1239 398 1296 eandem
421 1240 559 1295 historiam
576 1257 687 1296 narrans
703 1236 818 1340 &venep
831 1250 919 1296 vocet.
950 1235 981 1295 ἓν
994 1234 1141 1311 Σικίμοις,

122 1317 206 1385 τοῦτ’
231 1318 312 1382 ἔστιν
338 1320 371 1380 ἐν
396 1327 435 1402 τῇ
456 1317 609 1381 Νεαπόλει
637 1320 751 1392 θυσίας
781 1343 808 1381 σι
831 1317 984 1425 ιπιχώριιιι
1005 1321 1143 1380 τελοῦσιν

123 1400 213 1480 εις”
196 1427 295 1484 ονομα
321 1404 423 1487 κόρης.
466 1409 545 1479 Quod
572 1426 636 1465 vero
664 1429 780 1484 ταυτην
801 1400 957 1485 τελετὴν’
944 1400 1067 1484 α’γουσιυ
1087 1409 1141 1467 hoe

125 1496 187 1554 loco
211 1495 292 1560 dixit,
316 1495 474 1568 simpliciter
495 1505 656 1592 usurpatum
678 1504 761 1568 puto,
784 1513 834 1569 pro
858 1513 891 1552 eo
914 1493 986 1568 quod
1006 1500 1049 1549 est
1069 1493 1142 1555 ritus

124 1583 190 1640 illos
212 1582 383 1645 instaurant,
408 1579 451 1637 vel
470 1580 549 1636 sacri
569 1580 647 1636 illius
669 1581 831 1636 memoriam
853 1583 1001 1638 celebrant.
1046 1578 1142 1635 Potest

21 1670 26 1675 '
124 1675 154 1724 ct
180 1659 280 1743 ταύτῃ
305 1682 356 1739 pro
375 1656 591 1739 radtprtegi.
636 1665 765 1721 Nam‘de.
780 1666 905 1723 humanis
925 1664 1038 1727 hostiis,
1067 1663 1142 1737 quod

124 1751 280 1826 suspicatur
301 1750 454 1815 serrarius,
476 1766 571 1806 verum
593 1767 648 1806 non
671 1749 797 1816 arbitror,
820 1751 977 1824 praesertim
999 1748 1141 1822 Epiphanii

124 1853 206 1902 aevo,
229 1835 280 1892 sub
304 1835 461 1893 Christianis
481 1834 666 1908 principibus,
689 1836 737 1908 qui
759 1837 919 1892 execrandas
941 1834 1014 1899 illas,
1038 1850 1069 1890 ac
1090 1833 1142 1893 dev

124 1920 265 1978 testabilcs
286 1921 454 1977 ceremonias
475 1919 576 1992 ubique
598 1920 808 1993 prohibuerunt.
1122 1956 1127 1967 ι

210 2004 315 2063 4691).
346 1996 475 2080 καὶγὰρ
498 2001 549 2059 καὶ
570 1999 656 2081 παρά
678 2024 738 2064 τισι
760 2007 815 2063 τοῦ
837 1997 1038 2079 Μελχισεδέκ]
1066 2005 1140 2074 Quae

123 2092 157 2148 de
179 2090 368 2147 Melchisedeci
389 2089 546 2164 parentibus
569 2099 661 2147 narrat
682 2091 855 2165 Epiphanius,
878 2090 1003 2165 redolent
1016 2092 1141 2164 Apocrpe

124 2176 242 2250 phorum
264 2175 377 2243 somnia,
401 2175 552 2231 cuiusmodi
574 2174 658 2232 multa
680 2186 745 2233 sunt
767 2178 867 2233 hocin
889 2192 973 2248 opere
994 2174 1066 2231 bona
1087 2164 1141 2235 tide
1172 2194 1198 2225 -2

122 2278 138 2316 a
165 2260 336 2317 sanctissimo
364 2260 445 2316 Patre
473 2260 624 2332 descripta,
654 2278 723 2333 quae
752 2261 900 2325 discutere,
929 2268 977 2314 aut
1005 2258 1138 2326 refellere,

124 2345 220 2412 otiosi;
244 2353 345 2402 temere
368 2344 447 2401 fidem
470 2344 608 2408 adhibere,
632 2362 727 2418 parum
750 2345 889 2419 prudentis
911 2343 1001 2399 luerit.
1106 2351 1108 2355 '
1134 2375 1137 2385 ·

121 2454 125 2463 ¹
208 2425 241 2486 ἓν
260 2431 299 2507 τῇ
320 2431 375 2504 τῆς
389 2425 497 2503 Σαβῆς
516 2422 651 2502 πειιιάόι]
682 2429 794 2486 Ubinam
817 2429 885 2485 Sabe
906 2427 951 2483 illa
974 2428 1024 2482 sita
1047 2428 1083 2482 sit
1098 2429 1141 2487 di·

123 2515 214 2572 rinrre
237 2523 376 2587 utcunque
398 2514 470 2569 licet.
501 2513 626 2578 losue2,
640 2516 674 2572 te
699 2515 726 2571 ιιι
748 2514 820 2571 tribu
835 2513 969 2570 Simeonis
992 2520 1142 2575 recensen-

122 2609 170 2657 tur
190 2598 324 2657 Bersabee
346 2608 374 2655 et
395 2598 497 2663 Sebec,
526 2615 597 2672 quec
618 2597 740 2655 eiusdem
762 2598 852 2694 oppidi
874 2597 1035 2655 nominali.
1059 2598 1148 2659 tedm-

121 2692 151 2742 et
165 2684 266 2741 llarius
288 2701 358 2740 esse
370 2692 476 2758 putant.
505 2682 628 2752 Quod
607 2701 630 2739 ιι
651 2701 744 2741 verum
766 2693 816 2750 est,
840 2684 867 2741 in
883 2684 1059 2742 bersabccnsi
1074 2700 1140 2825 ιιι

122 2768 311 2827 llelcbisedeci
331 2777 461 2843 parentes
481 2768 670 2826 habitaverint

141 2896 145 2905 .
208 2856 312 2912 lbtlc.
340 2847 453 2929 Σαλὴμ
475 2845 548 2912 dd‘
530 2873 549 2929 η
571 2847 670 2927 πόλις]
710 2855 903 2931 Antiquissima
925 2863 967 2912 est
988 2856 1033 2913 illa
1054 2808 1141 2929 qure-

120 2939 191 3004 stio,
221 2947 313 2994 utrum
334 2938 535 3012 Hierosolyma,
558 2956 592 2995 an
614 2940 775 2997 sicimorum
796 2934 926 3014 oppidd'm
948 2941 1029 2998 fuerit
1051 2941 1191 3007 Salonam

121 3023 311 3082 llelcbiscdeci
332 3023 507 3088 domicilium,
525 3024 564 3081 de
586 3040 640 3098 qua
661 3025 720 3082 vide
742 3043 813 3100 quoe
827 3025 969 3082 Perrerius
991 3025 1090 3100 aliique
1106 3027 1141 3085 nd

121 3109 190 3167 (len.
213 3108 351 3182 disputant
373 3117 401 3165 ct
422 3109 567 3166 novissime
583 3109 705 3166 Salienus
727 3120 822 3167 noster
842 3111 869 3167 in
884 3109 1042 3166 Annalibus.
1065 3110 1140 3168 Aeli.

121 3196 217 3253 atta.
249 3193 404 3250 Communis
428 3207 456 3250 et
477 3211 537 3250 vera
568 3195 701 3251 sententie
732 3203 790 3258 est,
824 3193 1009 3289 Hierosolyma
1038 3194 1138 3267 potius,

119 3295 203 3353 quam
224 3278 386 3337 sicimorum
407 3278 504 3336 urbem
526 3279 610 3337 fuisse
632 3278 818 3336 Melchisedcci
841 3279 952 3352 regiam.
994 3279 1074 3347 Quod
1094 3280 1140 3338 isti

119 3362 245 3477 pluribus
267 3362 410 3421 affirmant

146 3451 320 3508 Alba.
337 3441 418 3522 μετα
437 3441 539 3524 γενεὰς
560 3441 691 3506 δεκαδύο
707 3449 768 3523 τῆς
788 3449 844 3504 τοῦ
857 3442 954 3520 Arm]
984 3448 1090 3508 ALeri,
1098 3398 1140 3517 ιι

119 3533 211 3593 Stdeb
238 3533 324 3590 tilium
344 3534 475 3599 Achitob,
508 3534 555 3606 qui
581 3534 633 3590 sub
661 3533 758 3590 baddo
787 3549 922 3590 summum
950 3522 1140 3594 Sacerdotium

120 3619 219 3686 tenuit,
230 3619 297 3694 ttep
315 3620 344 3685 2,
357 3620 386 3686 8,
397 3622 432 3677 ll
448 3613 545 3696 γενεαὶ
560 3627 626 3676 sunt
645 3621 693 3686 13,
707 3636 763 3677 non
781 3620 828 3678 ta
859 3617 898 3676 Ab
913 3621 1034 3679 Aarone
1034 3636 1098 3679 nou
1094 3624 1137 3695 ι,
