2534 4154
473 312 763 362 nutuaovuasmues,
1072 301 1128 360 105

111 467 176 524 ratio
207 484 263 524 non
286 469 350 524 satis
374 476 525 533 constaret,
556 469 608 523 hoc
631 476 673 524 est
695 485 756 523 cum
778 485 828 540 par
849 468 876 523 in
899 468 986 524 tribus
1009 487 1064 525 uon
1086 471 1130 526 in-

111 560 181 609 esset
203 552 342 608 literarum
366 570 511 618 numum,
534 562 678 626 propterea
702 553 775 625 quod
796 544 906 629 Λόγος
928 546 1130 627 αιἝκκλησιά

110 640 127 697 8
148 637 236 693 literis
259 646 425 701 constarent,
441 629 626 716 ’Ἀνθρωπος
642 646 669 694 et
680 630 843 711 Ἐκκλησία
860 643 886 704 7,
911 639 992 695 Pater
1014 648 1041 695 et
1052 640 1130 696 Veri-

110 731 148 779 tas
172 725 207 788 9;
232 730 290 777 tum
313 723 420 777 demum
444 723 483 779 uti
506 724 579 795 paria
602 723 729 786 facerent,
755 724 788 778 de
811 741 907 779 novem
923 725 1010 780 Patris
1034 735 1061 781 et
1076 726 1130 781 Ve—
1206 734 1210 743 ’

107 807 193 863 sitatis
216 806 302 862 literis
325 824 379 863 una
402 808 434 862 ad
451 808 571 863 Hominis
595 816 622 862 et
637 807 773 863 Ecclesiae
796 819 900 882 septem
924 809 982 864 ilias
1004 811 1127 866 accessit.

194 893 254 948 240
270 891 299 952 b.
330 887 441 948 ἐκεῖνον
462 884 518 966 τὴν
537 884 617 965 μετὰ
639 885 695 958 τὰς
715 884 749 960 ἓξ
765 885 895 969 ἡμέρας]
921 895 1056 949 Christum
1074 895 1129 951 bo-

105 977 225 1041 minum,
256 977 303 1051 qui
331 986 394 1050 post
418 979 435 1033 6
466 978 579 1033 diesrin
601 994 664 1033 eum
686 987 822 1043 montem,
852 978 898 1033 ubi
920 979 1128 1052 transfiguratus

107 1070 165 1126 est,
195 1077 256 1116 cum
284 1061 372 1116 tribus
402 1062 539 1136 discipulis
569 1071 681 1135 quartus
711 1063 846 1127 ascendit,
876 1064 967 1136 ibique
996 1064 1128 1120 adiunctis

103 1145 162 1202 Elia
184 1163 216 1200 ac
237 1145 329 1220 Moyse
351 1156 442 1203 sextus
466 1156 507 1202 est
530 1148 625 1202 factus.
657 1147 730 1213 Μαι.
748 1151 794 1204 17.

191 1222 245 1286 τὸν
267 1226 463 1306 κρατηθέντα
490 1227 540 1286 καὶ
563 1223 743 1302 καταβάντα
766 1227 797 1288 ἓν
818 1232 855 1308 τῇ
878 1221 1045 1307 ἑβδομάδα]
1083 1234 1129 1289 Vi-

104 1315 187 1371 detur
210 1315 242 1370 ad
267 1319 282 1371 7
308 1317 377 1371 diem
401 1317 529 1380 alludere,
554 1334 608 1388 quo
632 1317 755 1372 Christus
778 1318 805 1371 in
829 1317 974 1389 sepulchro
997 1318 1078 1374 iacuit
1102 1329 1129 1375 et

106 1400 178 1473 apud
201 1400 303 1456 inferos
326 1402 433 1456 mansit.

193 1487 251 1542 240
270 1503 294 1541 c.
324 1481 355 1542 ἓν
376 1486 414 1562 τῇ
437 1480 507 1563 ἕκτῃ
530 1485 592 1541 τῶν
612 1478 744 1562 ἡμερῶν,
768 1475 835 1560 ἥτις
855 1480 918 1542 ἐστὶ
933 1479 1125 1562 παρασκευή]

107 1568 229 1625 Coenam
247 1587 353 1642 parcan
374 1571 455 1626 vertit
476 1572 614 1644 interpres
638 1573 708 1627 laen.
739 1571 768 1625 id
790 1571 863 1643 quod
887 1570 984 1626 eruditi
1006 1572 1054 1626 viri
1070 1573 1127 1644 pri-

106 1655 165 1712 dem
190 1654 378 1711 observarunt.

193 1742 250 1797 241
270 1740 295 1795 d.
328 1734 481 1813 αἰνέσεως]
517 1742 646 1813 Legeram
670 1731 798 1816 ἀνέσεως
820 1756 870 1812 pro
895 1733 1051 1811 αῗνέσεανς,
1080 1741 1127 1796 sed
1177 1788 1180 1801 .

105 1825 282 1882 laudationis
305 1842 354 1898 pro
377 1826 565 1880 relocationis
589 1825 658 1880 malo
683 1841 743 1879 cum
767 1826 826 1880 Vct.
850 1826 1010 1897 Interprete.

193 1912 252 1967 242
269 1910 296 1964 b.
326 1903 345 1984 ἦ
369 1904 403 1965 δὲ
425 1901 500 1984 Σιγὴ
523 1904 623 1982 πέντε]
648 1909 756 1964 Falsum
780 1918 836 1975 est,
862 1910 915 1965 nisi
937 1901 1020 1985 σαγὴ
1042 1911 1127 1983 legas.

192 1996 251 2052 242
269 2013 292 2050 c.
324 1987 405 2051 ὀκτώ
428 1990 478 2050 καὶ
501 1989 575 2050 δέκα
594 1985 800 2072 γραμμάτων]
826 1996 978 2068 Scripserat
1000 1996 1070 2051 lren.
1088 1985 1127 2068 ιη’

104 2096 154 2152 pro
174 2071 301 2153 Ἰησοῦς.
347 2079 460 2134 Librarii
489 2096 632 2134 numerum
663 2096 723 2134 esse
753 2081 802 2135 rati
825 2081 915 2136 locum
938 2081 1127 2153 depravarunt.

106 2163 200 2220 Scribe
222 2165 304 2238 igitur
324 2157 451 2237 Ἰησοῦς,
475 2166 549 2237 quod
571 2181 670 2219 nomeu
694 2182 774 2220 senas
796 2165 879 2220 habet
901 2166 1002 2220 literas.
1034 2165 1078 2220 Sic
1101 2174 1128 2220 et

106 2265 136 2304 aa
165 2266 234 2321 quae
270 2259 424 2321 sequuntur
459 2266 490 2304 ex
519 2250 622 2305 Irenaei
659 2250 811 2321 iuterpretc
847 2267 896 2322 pro
925 2267 957 2305 eo
985 2257 1066 2321 atque
1095 2249 1127 2303 ad

104 2334 251 2407 marginem
276 2334 468 2406 adscripsimus
493 2334 658 2389 emendenda
681 2343 753 2388 sunt.

188 2413 224 2474 τὸ
249 2412 282 2474 δὲ
304 2413 443 2495 Χριστὸς
465 2410 559 2492 ὀκτώ]
597 2418 713 2474 Proinde
736 2410 889 2495 Χρειστὸς
915 2417 966 2490 leg.
1011 2417 1077 2472 Nam
1101 2426 1127 2472 et

106 2503 250 2560 Chrestum
274 2504 381 2578 quidum
405 2503 541 2559 Christum
565 2502 744 2577 appellarunt.

192 2590 251 2646 243
269 2606 292 2644 a.
324 2607 343 2662 η
366 2583 416 2642 καὶ
439 2608 461 2642 π
484 2583 534 2642 καὶ
557 2605 591 2658 ω,
615 2577 631 2643 ὅ
655 2582 718 2643 ἔστι
742 2576 910 2659 δεκαοκτώ]
933 2586 998 2659 Leg.
1016 2574 1032 2642 ὅ
1047 2581 1128 2642 ἐστιν

102 2662 228 2746 Ἰησοῦς.
272 2673 337 2728 Nam
367 2691 498 2728 numerus
522 2674 579 2746 ipse
604 2675 664 2730 888
688 2672 773 2727 literis
796 2671 848 2726 illis
872 2671 959 2726 tribus
984 2689 1127 2745 expressus

106 2766 147 2813 est
167 2777 197 2831 η,
221 2779 252 2829 n,
277 2777 311 2815 ω.
342 2758 393 2826 Qui
417 2768 444 2814 et
467 2759 492 2813 in
517 2758 633 2813 nominis
655 2749 773 2831 Ἰησοῦς
794 2756 880 2812 literis
904 2757 1068 2813 continetur.

190 2835 237 2898 deb
260 2839 310 2898 καὶ
333 2836 387 2898 τὸν
409 2834 605 2918 άλφάβητον]
628 2843 667 2898 lta
690 2860 721 2898 en
744 2843 802 2898 Vet.
827 2843 1005 2898 restituimus
1031 2842 1127 2897 Caete-

105 2935 192 2983 tcrum
215 2929 290 3003 quod
313 2927 456 3000 Alpbabeti
479 2929 570 2983 literas
593 2928 629 2982 ita
652 2928 789 2983 distribuit
812 2928 852 2983 uti
877 2930 893 2986 8
919 2929 973 2983 sint
989 2927 1125 2988 bionades

105 3011 224 3070 decades
249 3015 265 3071 8
291 3022 318 3069 et
340 3012 539 3069 Hecatontades
564 3014 591 3076 8,
616 3013 655 3068 sic
678 3014 779 3086 accipe.

333 3092 444 3133 Monades.
558 3091 664 3132 Decedes.
752 3090 922 3131 Hecatontades.

601 3147 616 3192 Ι
