2534 4154
392 341 683 392 uuiuiumusronus
988 331 1053 393 me

76 406 200 563 χοαῖσι
221 496 359 568 Lampsaci
386 507 584 562 convenerunt,
613 497 798 553 Valentiniano
821 507 848 553 et
870 497 980 555 Valente
1002 500 1056 554 im-

136 582 195 637 ibns
218 581 301 636 luisse
317 574 482 654 ὃμοοοσίου
497 591 724 656 propugnatores.
755 583 910 656 Legendum
926 585 1056 640 est'euim

157 666 219 721 Ὶλοι
247 658 423 738 ὃμοιούσιον
455 671 499 745 τῷ
526 663 619 741 πατρὶ
647 659 701 723 τὸν
726 659 795 724 υἱὸν
823 662 917 743 λέγειν
941 660 1056 744 ἠξίουν.

201 768 256 806 non
279 751 422 806 Sozomeni
445 769 531 815 error,
554 753 602 806 scd
624 752 734 807 librarii.

220 878 227 891 .
259 828 436 901 liberentur
454 829 636 903 Ἐπίσκοπος
649 828 839 913 Ἐπιφανίας]
871 837 958 893 Scrib.
970 830 1057 893 ’Eur-

241 939 276 977 uo
312 922 421 976 nomine
459 922 612 993 complures
647 932 803 977 censentur.
846 922 894 978 llst
923 925 993 978 cuim
1022 923 1056 978 ad

274 1006 359 1061 altera
380 1008 414 1061 ad
436 1007 608 1079 Euphraten,
631 1006 681 1061 alia
704 1006 732 1061 iu
754 1006 857 1071 Cilicia,
882 1015 913 1063 ut
935 1008 968 1063 dc
990 1008 1058 1063 reli-

190 1179 270 1243 οξιος
287 1169 478 1246 Ἐπίσκοπος]
511 1175 570 1230 Non
592 1176 672 1230 alium
695 1175 794 1247 opinor
820 1192 881 1231 esse
904 1194 983 1249 quam
999 1180 1057 1232 An-

116 1278 203 1317 nium.
245 1261 294 1315 llic
317 1261 386 1315 enim
410 1262 580 1316 coniunctam
603 1277 664 1315 cum
686 1261 782 1315 Acacio
805 1277 928 1315 caussam
950 1261 1054 1326 babuit,

76 1362 100 1400 m
128 1364 215 1418 eoque
245 1347 271 1400 in
296 1346 460 1401 Seleuciensi
490 1354 624 1400 conventu
652 1363 666 1399 a
690 1344 860 1400 Semiarianis
883 1346 910 1400 iu
933 1346 1056 1401 ordinem

76 1431 172 1493 laetus,
195 1431 319 1485 vicissim,
334 1431 393 1485 illos
415 1432 443 1485 in
466 1430 764 1502 Constantinopolitano
788 1429 906 1485 Concilio
929 1430 1054 1502 perculit.

76 1515 95 1570 t·
112 1515 137 1571 si
159 1517 180 1569 is
204 1525 254 1578 est,
278 1517 375 1570 mirum
397 1516 488 1579 valde,
512 1514 648 1587 quornoclo
671 1532 724 1570 non
747 1524 812 1587 post
834 1514 978 1587 Georgium
1001 1515 1058 1570 sal-

76 1616 92 1656 ο
114 1599 320 1655 Alexandrinum
344 1600 551 1672 subscripserit,
582 1600 628 1672 qui
651 1600 745 1671 utique
767 1608 830 1655 ante
854 1600 1003 1656 Orientales
1025 1605 1106 1656 et327

76 1702 121 1741 ros
142 1685 291 1758 Episcopus
313 1686 492 1739 nominandus
515 1685 573 1740 luit.

80 1786 83 1791 ·
124 1772 183 1827 874
200 1788 224 1825 c.
254 1765 453 1845 Παγκράῑιος
464 1761 645 1835 Ἐπίσκοπος
659 1764 853 1842 Πηλουσίου]
880 1769 931 1837 Qui
954 1778 981 1825 et
997 1769 1058 1825 Sir-

76 1855 133 1911 ensi
157 1855 250 1910 tertiae
272 1855 438 1910 Prolessioui
461 1872 521 1909 eum
543 1855 648 1920 llarco,
676 1855 774 1911 Basilio
799 1871 829 1910 ac
852 1855 965 1911 cacteris
988 1854 1058 1911 sub-

76 1940 192 2014 ipserat.

124 2027 183 2082 875
200 2043 224 2080 a.
255 2017 283 2078 οἱ
304 2027 452 2097 νοονεχεῖς
472 2017 597 2100 ταύτην]
628 2025 722 2080 Variae
744 2034 808 2080 sunt
830 2024 862 2080 ab
884 2024 990 2080 Arianis
1013 2025 1057 2080 di-

76 2109 305 2182 esistemporibus
322 2109 408 2164 editae
423 2112 607 2183 professiones
623 2110 694 2174 fidei,
708 2125 822 2182 quarum
838 2127 934 2165 uorem
946 2109 1056 2164 omniuo

78 2192 422 2267 ¹‘Constantinopolitanum
451 2214 539 2268 usque
562 2195 790 2259 Conciliabulum,
821 2194 894 2266 quod
923 2211 937 2249 a
960 2193 1059 2248 Seleu·

76 2276 122 2336 tui
142 2281 264 2352 proxime
287 2289 329 2334 est
351 2280 481 2344 habitum,
505 2289 630 2335 recenset
653 2280 793 2342 Socrates,
817 2278 865 2332 secl
887 2287 915 2333 et
936 2279 1058 2333 Athana-

76 2382 95 2421 ιε
116 2365 164 2420 lib.
181 2366 213 2419 cle
230 2364 330 2437 Spuocl.
355 2382 386 2418 en
408 2382 462 2435 quo
486 2373 575 2419 tamen
599 2364 693 2418 decem
712 2363 885 2435 colliguntur.
914 2362 988 2438 ,Quas
1003 2363 1057 2418 hoc

76 2466 98 2506 to
119 2451 249 2522 attingam
272 2449 398 2504 breviter.

82 2572 86 2579 -
122 2532 210 2590 Prima
232 2534 294 2589 fidei
317 2528 437 2600 ίκθεσις
458 2533 615 2588 Antiochiae
631 2532 827 2587 Encaeniorum
849 2538 973 2603 tempore
988 2530 1059 2586 scri-1

76 2619 258 2675 nllarcellino
282 2629 310 2675 et
331 2618 449 2674 Probino
473 2619 548 2673 Coss.
571 2621 603 2672 A.
621 2620 690 2681 341,
709 2617 756 2671 ubi
779 2616 811 2671 cle
834 2610 923 2696 οὐσίᾳ
945 2615 1057 2672 verbum

76 2704 152 2761 llum.
197 2705 319 2759 Secunda
348 2707 375 2759 in
401 2705 495 2759 eotlem
519 2703 698 2759 conciliabulo
721 2702 807 2766 edita,
837 2702 918 2774 paulo
941 2701 1057 2774 longior,

77 2788 203 2861 ifl-llilium
225 2791 373 2864 μονογενῆ
393 2783 470 2844 θεὸν
492 2806 522 2844 ac
543 2788 598 2862 τῆς
620 2781 726 2853 οὐσίας
747 2780 849 2844 εἰκόνα
870 2788 1055 2843 nominarunt.

76 2875 129 2931 utta
151 2875 250 2930 ibidem
273 2892 286 2929 a
305 2875 497 2947 Theopbronio
521 2873 683 2945 conscripta,
707 2890 776 2945 quae
799 2881 827 2929 et
849 2865 955 2938 οὐσίας
976 2889 1059 2927 voca·

77 2958 133 3015 lbm
162 2960 315 3033 supprimit.
361 2961 460 3028 Quarta
485 2976 586 3031 pancos
609 2968 671 3031 post
693 2974 801 3014 meuses
823 2975 873 3030 per
893 2957 1056 3018 Narcissum,

76 3044 141 3109 nim,
165 3046 286 3117 aliosque
307 3046 334 3100 in
351 3046 447 3101 Callias
470 3045 503 3099 ed
519 3045 693 3100 Constantem
709 3045 799 3099 missa.
829 3044 858 3097 ln
875 3041 925 3097 bac
940 3040 1058 3095 damnati

77 3129 101 3185 i··
116 3130 238 3186 dicerent
265 3126 296 3196 ἐξ
319 3122 374 3186 οὐκ
395 3120 491 3186 ὄντων
512 3122 567 3184 τὸν
587 3121 670 3198 υἱὸν,
699 3122 717 3201 ἢ
742 3124 772 3194 ἐξ
794 3117 900 3201 ἑτέρας
919 3116 1057 3180 ὑποστά-

76 3230 117 3282 ως
144 3210 193 3269 καὶ
221 3208 264 3288 μὴ
294 3211 326 3270 ἐκ
352 3216 407 3272 τοῦ
435 3213 513 3271 θεοῦ
540 3208 698 3290 γενέσθαι,
728 3221 775 3267 aut
803 3211 885 3265 luisse
914 3208 1056 3280 aliquando

76 3316 147 3374 upus
170 3317 231 3355 cum
255 3317 308 3354 uon
332 3311 413 3356 esset.
456 3300 553 3368 Quinta
576 3307 639 3371 post
655 3297 800 3352 trienninm
817 3296 843 3349 in
860 3294 960 3349 ltaliam
976 3293 1058 3348 missa

76 3378 253 3462 ίκούστιχος,
276 3387 329 3439 boc
350 3395 393 3440 est
414 3386 523 3458 longior
544 3383 685 3456 appellata.
723 3381 807 3448 Quam
830 3379 938 3460 quidem
960 3377 1060 3434 Antio-

76 3468 117 3527 iac
138 3480 290 3527 contextam
312 3471 340 3526 in
356 3470 503 3526 Annalibus
526 3467 643 3540 reperio.
674 3466 728 3521 Serl
749 3467 803 3521 hoc
825 3481 915 3537 neque
931 3464 1058 3520 Socrates

80 3555 269 3621 'Sozomenus
293 3572 382 3630 neque
404 3555 565 3609 Athanasius
587 3551 719 3606 referunt.
749 3551 778 3606 ln
802 3549 930 3624 σοι-τῆς
953 3541 1059 3616 οὐσίας

76 3641 139 3698 intio
162 3641 245 3696 nulla.
276 3641 356 3698 Sexta
377 3641 405 3697 in
421 3638 540 3696 Concilio
557 3636 696 3693 Sirmiensi
713 3644 808 3693 eontra
822 3634 970 3701 Photiuum
985 3633 1060 3692 edita
