2534 4154
158 308 221 371 rte
608 296 766 373 emani
802 287 806 353 ἶ

156 479 214 534 misi
234 479 311 534 soles
333 478 425 542 Deme,
454 480 507 551 pm'
524 495 634 534 arcaea
655 479 775 534 mmoter
798 485 824 534 et
844 479 937 535 reddit
957 479 1110 552 notamque
1131 496 1178 536 se·

158 565 278 618 eundum
299 580 387 636 opero
408 579 470 618 sua.
499 558 602 621 Metius
625 571 718 618 aetem
740 571 788 628 est,
811 570 843 618 et
863 563 1030 636 simpliciter
1046 564 1179 639 accipie·

157 664 244 712 mus,
261 649 336 720 quoa
361 650 456 704 melius
478 650 677 720 comitatiorem
697 655 807 704 secrete
828 656 990 720 oopnoeeet,
1018 649 1180 707 ememtes

156 732 244 789 Deus.
274 732 346 788 Haec
367 733 422 789 ilie.
451 733 490 788 Ad
514 733 629 789 eundem
652 750 763 789 sensum
780 733 863 790 refert
879 734 958 789 etiam
974 732 1179 791 Theodoretut'.

159 817 272 875 Tertull.
295 835 359 874 vero
382 826 476 874 contra
497 818 555 873 Iud.
579 835 602 874 c.
615 821 661 875 14.
693 818 841 892 Cyprianus
857 835 918 875 con.
935 818 991 874 lud.
1008 835 1032 874 c.
1045 821 1092 876 to.
1125 820 1181 876 Le-

151 905 335 979 1111111113
359 913 387 960 et
408 903 460 968 alii,
485 921 554 981 quos
577 903 658 961 tacito
680 903 790 960 nomine
808 911 885 961 notat
899 903 1011 960 Hieron.
1026 904 1059 960 ad
1076 903 1180 962 Christi

110 987 336 1044 “intinitatem
442 1037 445 1043 .
492 1007 495 1011 ·

220 1122 222 1127 .
244 1073 303 1134 467
321 1071 348 1128 b.
379 1060 483 1153 ἐλέγχῃ
505 1066 540 1129 δὲ
560 1066 661 1138 πάλιν,
687 1065 832 1145 Θεόδοτε]
862 1073 901 1128 Ex
923 1089 955 1129 eo
978 1072 1180 1146 1111111111-

157 1158 208 1214 tris
230 1159 366 1214 dexteram
388 1158 536 1214 collocatus
559 1157 595 1213 sit
616 1157 708 1220 Filius,
734 1157 793 1230 pari
816 1167 843 1213 et
865 1158 958 1214 eadem
980 1173 1042 1213 oum
1064 1157 1112 1214 illo
1136 1158 1183 1214 di·

158 1244 276 1316 gnitate,
299 1259 330 1299 11
351 1250 487 1316 potestate
510 1259 571 1298 esso
593 1241 723 1298 dicendus
746 1251 796 1298 est.
840 1242 965 1298 Ambrcs.
988 1241 1077 1298 snm.
1102 1245 1121 1301 3
1144 1243 1182 1301 tio

158 1329 329 1384 Pentecoste.
374 1327 417 1383 Ne
444 1328 597 1392 miremini,
626 1326 728 1399 inquit,
759 1328 833 1399 qnod
854 1329 893 1383 ad
913 1329 1058 1382 deuterum
1079 1326 1183 1387 Petite

157 1415 282 1468 residere
309 1414 371 1468 etim
392 1410 515 1478 nictans
542 1414 581 1468 cri
608 1413 753 1467 eceteram
780 1413 853 1468 emim
880 1413 996 1477 residet,
1024 1428 1085 1467 moe
1108 1412 1181 1485 peta

156 1499 251 1554 maior
271 1498 368 1562 Patre,
390 1493 495 1553 sed'ae
516 1498 609 1553 minor
623 1497 710 1552 Patre
732 1513 792 1563 esre
814 1499 953 1562 credetur,
976 1498 1049 1551 siout
1063 1497 1183 1554 Haere-

158 1585 206 1639 tici
229 1583 424 1656 blasphemare
446 1590 658 1638 consueverunt.
699 1581 772 1638 Idem
794 1582 896 1655 colligit
917 1581 950 1637 ad
971 1581 1070 1637 Pseim.
1084 1583 1121 1640 18
1148 1598 1182 1639 et

157 1668 394 1724 1111Ρ111111.1119
417 1668 494 1723 loco:
518 1667 590 1724 Sede
612 1684 632 1722 a
652 1668 759 1722 mmsis
780 1667 858 1722 meis.
903 1666 1007 1736 Quibus
1031 1675 1058 1722 et
1080 1667 1182 1724 simili-

157 1751 209 1808 bus
232 1769 264 1807 ex
285 1753 352 1808 locis
374 1761 499 1825 apparet,
523 1752 616 1807 falsam
639 1769 731 1807 eorum
756 1769 816 1808 esse
839 1751 1015 1815 sententiam,
1039 1751 1086 1824 qui
1109 1752 1184 1818 sini-

159 1847 242 1892 stram
265 1837 335 1908 apud
359 1846 462 1893 veteres
486 1838 687 1893 honoratiorem
710 1837 802 1892 dextra
818 1837 902 1893 fuisse
917 1836 1096 1893 contendunt.
1123 1837 1183 1894 Gu-

157 1921 200 1976 ius
223 1921 358 1994 opinionis
379 1930 459 1977 autor
480 1922 600 1978 Nebriss.
623 1939 646 1977 o.
665 1924 703 1979 39
727 1922 947 1996 Quinquagenae.

106 2144 152 2196 an
310 2139 353 2195 no
377 2139 1022 2198 11111111111111111111111111111111.
1150 2126 1157 2209 ,’
1179 2202 1187 2221 ,,

245 2261 305 2318 468
321 2258 349 2314 b.
379 2251 631 2326 ἀποσπασθέντες
651 2252 745 2333 τάχα]
772 2260 1001 2316 ATheodotianis
1023 2269 1100 2316 ortos
1117 2278 1186 2319 esse

158 2345 414 2400 melchisedecianos
437 2354 531 2401 censet
551 2345 727 2418 Epiphanius.
758 2344 870 2401 Tertull.
891 2344 1189 2404 Ι11111111111Ρ1111ὰ·

158 2430 251 2503 script.
274 2432 352 2488 153
375 2430 455 2486 etiam
471 2430 641 2486 Theodotum
664 2439 755 2486 sectae
770 2431 851 2486 huius
866 2430 1010 2486 authorem
1025 2431 1180 2498 constituit,

158 2532 214 2571 non
234 2515 354 2586 priorem
376 2515 452 2571 illum
475 2524 503 2570 et
523 2515 690 2589 Byzantium,
713 2516 762 2572 1111
784 2505 908 2580 alterum,
936 2531 1017 2589 quem
1040 2507 1189 2592 ἀργυραω
1213 2570 1216 2576 ,

156 2593 269 2673 pocati
296 2599 485 2656 Theodoretus
513 2601 598 2656 fuisse
625 2609 727 2656 narrat.
771 2599 904 2656 Eusebius
929 2602 956 2664 5,
975 2601 1012 2656 27
1043 2599 1183 2661 Theodoti

159 2683 265 2739 coriarii
294 2683 454 2756 discipulum
482 2685 617 2756 quendem
639 2693 834 2741 commemorat
855 2684 1025 2740 Theodotum
1049 2684 1187 2759 'impetiti

157 2776 223 2831 tam,
246 2785 261 2823 a
283 2785 337 2840 quo
361 2768 491 2841 deceptus
506 2769 607 2825 Natalis
630 2770 772 2826 consessor
793 2769 892 2842 insigni
907 2769 1036 2826 miraculo
1051 2770 1188 2844 resipuit}

158 2853 235 2908 ouius
258 2860 287 2908 et
308 2852 496 2909 Theodoretus
518 2855 649 2910 meminit.
680 2855 728 2910 Hic
750 2854 833 2926 igitur
854 2854 1013 2910 Theodotus
1034 2855 1068 2910 ad
1090 2855 1184 2930 magi-³

158 2938 208 2994 stri
229 2937 272 2993 sui
293 2937 457 3009 impietatem
479 2938 532 2994 hoc
554 2939 659 3003 adiecit,
682 2949 713 2994 ut
736 2939 843 2994 Christo
867 2939 979 2995 Domino
998 2939 1189 2998 1111111111111*

158 3029 436 3095 eumenteponeret,
464 3030 494 3078 ut
515 3023 609 3078 scribit
631 3022 743 3080 Tertull.
767 3023 955 3080 Theodoretus
978 3041 1041 3081 vero
1064 3024 1183 3083 Melchi-

158 3109 241 3165 sedec
270 3125 301 3163 ex
323 3107 394 3162 iliius
416 3107 552 3162 sententie
574 3097 704 3181 δύναμίν
725 3126 793 3164 τινα
815 3103 865 3162 καὶ
887 3104 993 3179 θείαν,
1010 3104 1071 3165 ’καὶ
1092 3104 1189 3186 peste:

158 3210 234 3268 στην
255 3193 385 3256 extitisse,
407 3183 474 3248 κατ’
492 3184 752 3249 cisterciensisc&
767 3185 821 3249 τὸν
833 3188 973 3270 Χριστὸν
986 3193 1182 3270 γεγενῆσθαι.-

157 3282 192 3337 tt
212 3277 381 3351 Augustinus
409 3285 438 3334 et
458 3277 619 3333 Philostrius
648 3278 752 3334 nullum
780 3277 1027 3345 11111111111111111111
1055 3294 1182 3337 errorent

158 3363 240 3419 alium
263 3362 395 3426 tribuunt,
418 3362 471 3418 nisi
493 3361 567 3437 quod
589 3363 726 3419 hominem
749 3380 810 3419 esse
832 3364 997 3438 negaverint,
1020 3367 1069 3421 sed
1090 3365 1192 3422 virtu-2·

160 3456 214 3502 tem
230 3448 277 3503 Dei
300 3465 362 3504 esse
384 3448 538 3504 statuerint.
568 3447 634 3504 Vide
648 3448 796 3522 Epistolam
811 3447 885 3504 Hier.
897 3450 955 3506 126
977 3449 1010 3504 ed
1025 3449 1182 3523 Evagriunt.¹

245 3532 349 3590 46811.
386 3526 421 3589 τὸ
451 3527 486 3588 δὲ
513 3525 658 3608 ἀπάτωρ,
688 3526 829 3609 ἀμήτωρ]
873 3534 1018 3607 Perperam
1050 3535 1190 3593 umanum

159 3616 249 3687 iyeott'
269 3617 380 3682 Patris,
409 3634 444 3690 pc
469 3618 585 3685 11111111
613 3635 667 3693 qua
695 3618 792 3677 stolida
822 3619 1046 3693 interpretatione
1074 3629 1184 3696 mystes·-
