2534 4154
465 298 754 376 nurnrnoveesioues.
1080 312 1119 374 23

105 491 153 538 etc.
200 481 309 549 Quinto
331 482 512 551 generatione
535 483 675 536 dunteuat
699 483 729 536 in
750 483 823 536 serie
846 482 922 537 Leni.
952 482 1029 550 Quod
1053 481 1121 536 adii-

104 566 228 624 ciendum
258 566 317 620 ideo
347 566 411 629 luit,
441 566 502 639 <piria
526 565 616 621 ambas
639 567 711 621 inter
733 585 761 622 se
783 567 894 622 familias
917 568 1119 639 permiscuerat.

104 653 142 708 Ad
165 669 283 724 eumque
306 652 416 706 modum
439 652 597 724 corrigenda
621 660 647 706 et
670 653 858 724 Interpretatio
882 662 983 707 nostra.

189 737 247 791 Huc
271 736 314 791 illa
338 735 460 798 celebris,
486 745 513 791 et
534 754 549 790 a
573 736 752 809 Chronologis
775 747 865 793 venata
889 737 1011 809 quaestio
1035 735 1121 809 perti-

104 832 164 887 net,
190 832 258 894 quot
280 838 366 875 annos
388 821 415 874 in
437 821 559 894 Aegypto
582 821 717 876 Israelitae
739 823 954 894 permanserint:
985 839 1064 894 quam
1088 838 1122 876 ne

102 909 234 980 attingam
257 906 392 960 hocloco
421 922 482 960 cum
505 923 610 970 eorum,
634 905 769 979 aquibus
793 917 835 962 est
862 914 983 970 tractata,
1007 907 1123 979 diligen-

104 993 138 1048 tia
162 1001 191 1047 et
213 992 305 1063 copia,
329 999 387 1045 tum
410 991 532 1045 instituta
556 999 681 1045 notarum
704 990 819 1047 brevitas
843 993 976 1047 hortatur.

189 1062 228 1151 ἦν
250 1068 284 1131 δὲ
306 1065 371 1131 κατ’
395 1070 488 1129 ἐκεῖνο
511 1075 633 1148 καιροῦ]
657 1075 798 1131 Veteribus
822 1084 884 1131 ante
899 1075 1045 1132 Eusebium
1063 1093 1123 1131 orn-

104 1161 185 1218 nibus
213 1160 449 1234 persuasissimum
480 1168 537 1214 crat
560 1159 658 1233 Moysis
687 1151 855 1236 σύγχρονον
877 1161 1005 1216 Inachum
1029 1161 1122 1225 luisse,

105 1256 135 1302 nt
156 1247 285 1318 losepho,
310 1245 448 1309 Clementi,
473 1245 593 1308 laciano,
618 1253 730 1300 caeteris
754 1245 879 1317 denique.
918 1245 1038 1314 Quorum
1062 1247 1124 1318 qui-

46 1393 50 1399 ·
106 1331 165 1387 dem
191 1347 312 1386 errorem
334 1329 472 1402 castigavit
487 1329 635 1393 Eusebius,
660 1338 687 1384 et
709 1330 836 1385 Inachum
859 1339 922 1386 ante
944 1322 1135 1386 lsraelitarnm

105 1417 293 1490 migrationem
315 1415 392 1470 annis
415 1414 499 1469 ferme
524 1416 582 1471 346
607 1414 727 1470 extitisse
742 1415 844 1470 docuit.
874 1415 962 1482 Quare
977 1416 1124 1470 vehemen-

106 1510 145 1558 ter
173 1501 272 1565 miror,
302 1499 496 1573 Epiphanium,
527 1500 573 1573 qui
596 1499 742 1555 Eusebium
771 1500 797 1555 in
827 1499 967 1564 omnibuS,
999 1517 1068 1572 quac
1091 1499 1122 1554 ad

105 1583 259 1660 temporum
281 1585 413 1640 rationem
430 1585 554 1649 attinent,
578 1593 711 1657 perpetuo
728 1585 860 1659 seqnitur,
885 1584 930 1649 ibi,
954 1584 1000 1639 nbi
1015 1585 1124 1638 minime

104 1671 237 1744 oportuit,
260 1669 292 1725 ab
316 1670 373 1724 eius
396 1670 560 1724 authoritate
583 1669 735 1735 descivisse,
759 1687 790 1725 ae
812 1670 903 1724 falsam
919 1669 1046 1725 Veterum
1063 1668 1124 1742 opi-

106 1756 214 1812 nionem
238 1755 341 1810 veritati
363 1753 533 1827 praetulisse.
568 1756 655 1826 Atque
678 1764 709 1810 ut
730 1771 824 1810 verum
847 1755 938 1810 lnachi
962 1763 989 1810 et
1010 1754 1124 1826 Argivo-

104 1859 163 1897 rum
188 1840 265 1912 regni
287 1840 392 1894 initium
416 1848 537 1903 eruatur,
560 1839 641 1895 huius
657 1848 775 1895 extrema
793 1849 915 1912 tempora
930 1840 1124 1912 perscrutanda

104 1934 184 1990 sunt,
209 1933 290 1996 atque
312 1924 339 1978 in
361 1924 477 1979 termino
501 1924 590 1996 aliquo
613 1924 771 1997 deligendus
795 1934 837 1981 est
859 1924 974 1998 gradus,
998 1925 1070 1979 unde
1092 1923 1125 1978 ad

102 2010 241 2067 anteriora
269 2010 394 2081 progredi
426 2008 513 2064 liceat.
558 2009 631 2065 lluae
660 2012 730 2082 apud
753 2009 899 2066 Eusebium
924 2009 1068 2083 llynastiae
1098 2008 1125 2063 in

103 2095 226 2153 eiusdem
255 2094 452 2167 propemodum
481 2095 558 2167 regni
586 2095 760 2151 successione
783 2104 937 2168 ponuntur:
965 2095 1124 2166 Argivorum

106 2199 156 2237 una
180 2180 293 2253 Regum,
317 2178 523 2252 Mycenaeorum
546 2179 639 2235 altera.
674 2181 834 2253 ,Argivorum
858 2181 961 2252 Regum
985 2180 1069 2233 series
1092 2177 1125 2232 ab

107 2267 205 2322 lnaoho
229 2272 325 2336 coepta
348 2263 381 2318 ad
402 2264 534 2319 Acrisium
556 2278 645 2338 usque
668 2265 797 2337 perducta
821 2273 877 2329 est;
910 2280 1061 2336 quanquam
1082 2262 1127 2316 ln-

105 2352 164 2407 achi
198 2350 312 2422 stirpem
341 2365 371 2404 ac
399 2348 523 2404 lamiliam
552 2349 698 2404 Sthenelus
727 2348 840 2404 claudit:
874 2365 928 2421 quo
962 2355 1070 2402 mortuo
1099 2347 1126 2402 in

106 2436 226 2492 Danaum
254 2434 428 2509 peregrinum
455 2442 536 2505 atquc
558 2434 719 2505 Aegyptium
748 2436 788 2488 ius
824 2440 864 2487 est
892 2432 925 2486 ab
948 2431 1051 2504 Argivis
1075 2432 1127 2487 im-

107 2521 173 2594 perii
195 2519 365 2576 translatum.
397 2518 528 2590 Deinceps
551 2517 671 2572 allanao
695 2517 727 2572 ad
743 2517 876 2572 Acrisium
898 2524 1046 2589 propagata
1063 2533 1128 2572 suc-

105 2605 193 2662 cessio
218 2613 268 2659 est.
309 2604 395 2671 Quem
418 2620 478 2658 cunr
501 2602 617 2657 Perseus
641 2619 727 2674 nepos
750 2619 800 2675 per
821 2601 1029 2674 imprudentiam
1054 2602 1128 2658 occi-

105 2675 199 2754 disset,
224 2689 348 2762 Mycenas
371 2705 431 2743 sese
454 2687 577 2752 eontulit,
601 2685 648 2742 uhi
670 2687 712 2742 vel
735 2687 767 2742 ab
791 2687 860 2759 ipso,
884 2687 925 2743 vel
948 2686 980 2742 ab
999 2688 1056 2742 eius
1073 2687 1127 2743 filio

107 2774 238 2832 Sthenelo
264 2774 453 2829 ,continuatum
483 2781 528 2828 est
551 2774 710 2850 Argivorum
740 2789 868 2846 regnum,
899 2781 926 2828 et
954 2772 1127 2846 Mycenaeum

109 2859 280 2934 appellatum.
326 2857 440 2912 Ultimus
463 2859 565 2930 llegnm
594 2858 723 2923 istorum,
753 2858 830 2914 cuius
858 2858 966 2930 quidem
995 2858 1127 2914 rationem

109 2942 242 3000 Eusebius
265 2943 378 3006 habeat,
401 2946 585 3015 Agamemnon
608 2943 674 2998 luit:
703 2954 758 3015 quo
781 2944 945 3016 interempto
968 2942 1128 3015 Mycenaeo-

107 3043 168 3085 rum
191 3044 306 3101 regnum
330 3029 356 3082 in
380 3028 500 3083 secundo
518 3028 650 3083 Chronico
675 3029 835 3083 terminatur
857 3045 927 3082 anno
944 3026 1048 3089 eodem,
1073 3040 1127 3098 quo

109 3113 240 3170 excidium
266 3113 409 3168 Troianum
433 3113 536 3168 accidit.
583 3113 647 3167 Vide
669 3113 828 3169 Pausaniam
853 3111 1039 3171 Corinthiacis.
1073 3110 1126 3163 lam

108 3199 278 3272 Argivorum,
302 3193 563 3271 Mycenaeorumque
586 3197 689 3270 Regum
713 3197 864 3261 successio,
890 3196 1006 3268 annique
1030 3192 1127 3266 quibus

107 3283 291 3357 imperarunt,
322 3283 393 3337 varie
422 3282 454 3338 ab
487 3281 605 3339 Eusebio
639 3282 783 3338 traduntur
811 3282 836 3336 in
860 3288 977 3351 utroque
1001 3277 1126 3334 Cln‘onic.
1143 3280 1168 3329 16

107 3367 125 3424 1.
145 3370 196 3425 20.
226 3369 291 3422 Nam
314 3368 341 3421 in
364 3367 517 3441 posteriore
539 3367 572 3422 ab
596 3368 705 3422 exordio
729 3366 818 3421 lnaehi
841 3365 874 3419 ad
889 3364 1030 3419 Troianam
1047 3353 1129 3417 utin

104 3470 156 3510 σιν
184 3453 247 3508 anni
276 3462 454 3508 numerantur
478 3455 548 3516 675,
579 3452 605 3506 in
635 3452 717 3524 priori
743 3454 812 3508 655.
858 3449 1012 3505 Secundum
1033 3458 1130 3520 poste-

111 3538 193 3595 rioris
217 3537 289 3594 Libri
316 3537 471 3602 ratiocinia,
501 3555 581 3609 quem
604 3537 749 3610 praecipue
771 3536 924 3606 sequimur,
954 3550 1014 3589 cum
1038 3533 1132 3588 Troia-

106 3639 175 3679 num
201 3622 333 3679 excidium
354 3631 487 3695 congruat
509 3639 581 3678 anuo
604 3621 712 3678 Periodi
733 3621 782 3676 lul.
808 3622 899 3682 3530,
923 3619 1012 3674 Mundi
1038 3621 1129 3682 2800,
