2534 4154
158 272 220 336 aot
524 302 542 329 κ
560 300 578 308 ·<
604 285 746 335 333333
797 316 800 325 .

161 443 237 507 tatio,
260 448 328 514 qua'e
350 455 492 513 perperam
507 437 648 511 Epiphanii
670 456 731 495 sese
752 436 861 495 niimine
883 448 911 495 et
932 438 1098 496 authoritate
1113 437 1180 494 'rene

162 525 272 591 ditabat,
295 526 403 580 tandem
423 525 507 596 longo
529 523 668 580 intervallo
691 525 798 598 cognita
821 541 851 580 ac
867 524 923 580 suis
939 524 1101 580 authoribus
1118 523 1182 580 red-

163 613 232 675 dita,
262 610 353 664 lucum
380 608 528 688 lectoribus
558 609 645 664 lacere
673 610 742 670 tanti
764 608 879 664 nominis
903 609 993 685 speeie
1015 609 1182 665 335133313-

162 697 237 752 tione
259 693 379 750 desierit.
499 718 502 722 ’
1034 724 1037 731 ·

250 782 308 837 869
325 778 352 834 h.
384 773 425 844 εἷς
446 770 502 852 τὴν
523 774 698 834 {urstisium
719 773 829 852 πίστιν]
861 778 933 833 11333
955 778 997 833 vel
1011 778 1044 832 ab
1060 779 1182 852 Epipha-

163 865 209 922 nio
232 866 265 920 ad
286 864 454 936 superiorem
477 857 703 918 Semiarianorum
727 863 982 919 Commentariolum
1005 863 1110 928 addita,
1140 864 1181 919 vel

164 950 249 1023 ipsius
272 948 487 1004 Commentarioli
517 958 594 1012 suut,
624 949 651 1003 iu
681 965 735 1020 quo
764 957 874 1021 praeter
900 948 1097 1020 expositionem
1119 948 1181 1004 fidei

163 1039 229 1092 Acta
250 1034 379 1089 nonnulla
402 1032 514 1088 Basilius
536 1051 567 1088 ac
582 1032 715 1106 Georgius
731 1033 972 1106 praescripserant,
996 1033 1069 1107 quod
1085 1043 1182 1106 poste-

164 1120 220 1175 rius
242 1119 328 1192 magis
350 1118 458 1173 arridet.
503 1117 712 1174 Sciendumest
734 1128 823 1174 autern
843 1113 946 1174 ’πίστιν
968 1117 1047 1180 illam,
1072 1118 1106 1173 de
1129 1135 1181 1191 qua

164 1204 293 1276 loquitur,
317 1221 377 1259 esse
392 1203 591 1259 Proiessionem
614 1202 685 1257 illam
708 1207 823 1266 tertiam,
846 1219 915 1275 quae
930 1202 1019 1258 Sirmii
1042 1211 1085 1259 est
1102 1203 1181 1266 edita,

159 1306 245 1362 quam
268 1289 394 1344 Socrates
422 1296 450 1343 et
472 1288 640 1343 sozomenus
668 1287 734 1343 lalso
763 1288 789 1342 in
812 1287 952 1342 Sirmiensi
974 1287 1084 1360 Synodu
1113 1305 1183 1343 con-

166 1374 291 1446 scriptam
314 1382 477 1428 asseverant.
508 1373 575 1427 Nata
598 1381 640 1428 est
661 1373 732 1428 enirn
755 1389 825 1428 anno
849 1373 956 1428 demum
971 1375 1040 1435 359,
1063 1371 1182 1429 Eusebio

165 1467 193 1515 et
215 1457 328 1532 Hypatio
353 1458 427 1513 Coss.
450 1458 483 1513 lll
506 1457 564 1513 1131.
587 1458 684 1521 133135,
708 1467 739 1512 ut
760 1457 921 1513 Athanasius
942 1457 990 1512 lih.
1013 1457 1046 1512 de
1066 1458 1183 1530 Synodis

165 1543 254 1600 docet.
284 1543 334 1611 Qui
357 1543 415 1598 dies
433 1542 504 1598 Prid.
521 1541 698 1599 Pentecostes
720 1543 779 1605 fuit,
804 1542 875 1614 quml
891 1542 1057 1615 Epiphanius
1079 1541 1183 1598 hocin

164 1620 226 1684 loco
249 1636 373 1683 testatur.
414 1628 478 1682 Vide
501 1645 570 1699 quae
592 1603 718 1683 Bicolaus
739 1626 826 1682 Euher
848 1627 934 1682 Praei.
958 1627 990 1681 ad
1014 1626 1105 1682 Hilarii
1128 1627 1184 1682 ira-

165 1721 273 1786 gmenta
297 1713 416 1784 disputat
437 1730 464 1784 p.
483 1715 552 1769 375.
585 1712 672 1784 Igitur
692 1721 755 1784 pust
777 1714 946 1784 Aneyranum
966 1711 1115 1767 Concilium
1131 1712 1184 1768 Ba-

77 1796 80 1801 ’
166 1797 241 1852 silius
269 1797 367 1870 aliique
396 1797 623 1852 Semiarianorum
651 1797 733 1868 legati
763 1796 889 1852 Sirmium
922 1797 955 1851 ad
987 1797 1184 1869 Imperatorem

166 1881 280 1954 profecti
302 1881 448 1937 literas'alt
471 1898 503 1937 eo
527 1891 620 1937 contra
642 1882 790 1937 Eudoxium
814 1890 842 1936 et
862 1884 1016 1937 Auomeeos
1040 1897 1185 1955 expresse-

166 1973 240 2020 runt.
271 1964 337 2018 Turn
361 1965 394 2020 de
416 1966 563 2021 eorundem
587 1967 699 2021 consilio
715 1967 865 2038 Imperator
887 1967 919 2021 ad
938 1985 982 2021 res
997 1966 1185 2022 Antiochense

86 2054 90 2058 ’
165 2049 301 2104 Ecclesiae
323 2051 538 2122 componendas,
563 2068 642 2123 quam
665 2050 802 2105 Eudoxius
824 2060 932 2123 praeter
949 2050 1076 2107 <Cauones
1100 2068 1186 2107 oceu-

166 2143 258 2207 parat,
285 2134 365 2189 simul
386 2135 419 2190 ad
440 2136 508 2190 hetii
531 2143 558 2190 et
580 2138 779 2214 Anompeorum
802 2135 995 2208 profligandam
1017 2136 1184 2208 impietatem

123 2218 126 2223 ’
167 2236 262 2274 novam
285 2219 423 2292 Synodum
452 2237 618 2293 congregare
646 2221 753 2284 statuit,
785 2220 857 2294 quorl
886 2238 967 2293 snpra
995 2221 1021 2275 in
1049 2239 1185 2276 annorum

168 2304 283 2377 Synopsi
306 2305 507 2360 deelaravimus.
550 2306 647 2360 Postea
669 2323 731 2361 eum
754 2306 787 2361 de
809 2304 887 2369 urbe,
913 2305 939 2359 in
963 2322 1015 2377 qua
1036 2322 1185 2362 consessus

167 2389 260 2445 haberi
282 2400 587 2464 posset,·nequaquam
610 2390 735 2463 Episcopi
758 2391 946 2454 convenirent,
977 2390 1090 2446 Basilius
1114 2408 1185 2446 anno

169 2476 227 2531 349
252 2492 347 2529 rursus
370 2476 402 2530 ad
420 2476 612 2548 Imperatorem
629 2475 754 2530 Sirmium
779 2475 892 2530 advolat.
923 2475 1002 2530 Prior
1024 2475 1096 2530 enirn
1119 2493 1186 2549 pro-

167 2558 247 2614 fectio
271 2558 296 2613 in
319 2577 418 2614 anuum
441 2561 618 2634 superiorem,
646 2577 700 2632 quo
723 2569 751 2615 et
772 2562 941 2632 Aneyrannm
966 2559 1114 2615 Concilium
1138 2578 1186 2616 ee-

166 2641 301 2698 lebratum
325 2653 374 2708 est,
398 2645 520 2700 incurrit„
565 2645 603 2700 lhi
627 2662 687 2700 cum
711 2645 864 2708 Ursacium,
889 2645 1041 2709 Valentem,
1066 2645 1184 2701 llareum

167 2727 350 2788 Arethusium,
369 2730 513 2801 Georgium
528 2729 744 2797 Alexandrinum,
761 2729 934 2792 Germinium
950 2731 1074 2804 aliosque
1088 2730 1186 2786 laetiu-

168 2811 209 2866 nis
232 2811 345 2866 Arianae
366 2814 502 2886 principes
526 2813 697 2880 offendisset,
727 2815 862 2870 cumillis
886 2832 1049 2887 congressus
1072 2824 1131 2879 est,
1156 2831 1185 2870 ao

168 2904 231 2970 post
257 2897 366 2971 longam
388 2899 606 2962 altercationem,
637 2900 744 2954 demum
767 2898 932 2954 allaborante
956 2899 1130 2964 Constantio,
1159 2899 1185 2954 in

169 2998 228 3037 eam
249 2978 311 3037 fidei
333 2984 529 3055 professionem
553 3001 714 3039 consensum
737 2983 770 3038 ab
793 2983 918 3039 omnibus
942 2993 997 3048 est,
1027 2993 1058 3058 pt
1081 2975 1187 3051 οὐσίας

169 3075 196 3122 31
219 3058 383 3138 ὃμοουσίου
406 3068 513 3123 abolitis
535 3068 655 3133 vocibus,
679 3070 774 3124 Eilinm
792 3069 864 3123 Patri
886 3087 936 3141 per
957 3070 1046 3124 omnia
1069 3069 1185 3127 similem

169 3151 347 3207 affirmarent:
372 3154 415 3207 eui
438 3154 532 3208 Valens
556 3154 653 3209 invitus
677 3154 852 3226 subscripsit,
876 3154 987 3208 Basilius
1008 3172 1090 3220 vero,
1113 3155 1187 3230 quotl

169 3237 313 3309 impetrare
336 3238 444 3293 minime
467 3239 616 3310 potuisset,
648 3247 678 3294 ut
699 3240 727 3293 in
749 3239 862 3293 formula
885 3239 941 3311 ipsa
963 3241 1125 3294 substantio
1147 3241 1187 3294 si-

167 3322 242 3376 milis
265 3322 401 3377 diceretur
422 3323 515 3387 Eilius,
538 3324 564 3378 in
588 3323 788 3395 subscriptione
810 3341 858 3377 sua
881 3325 945 3396 quid
967 3325 1080 3379 sentiret
1101 3334 1187 3381 testa-

169 3413 225 3460 tum
255 3407 352 3471 voluit,
383 3416 413 3463 ut
441 3409 494 3463 hoc
515 3409 576 3464 lueo
600 3418 690 3463 narrat
712 3408 886 3480 Epiphanius.
932 3408 1026 3463 Valens
1050 3426 1113 3464 cum
1136 3410 1186 3464 hae

169 3490 282 3562 formula
311 3491 371 3548 fidei
400 3494 490 3547 statim
519 3493 551 3547 ad
574 3494 741 3549 Ariminense
765 3492 911 3548 Concilium
929 3494 1187 3567 ,perrexit.·.lnter

171 3573 261 3630 Bilarii
284 3577 432 3649 fragmenta
455 3586 526 3633 extat
540 3578 659 3651 Epistola
676 3578 814 3643 Germinii,
837 3597 941 3653 exque
964 3579 1028 3634 illud
1046 3589 1187 3653 praeterea
