2534 4154
484 334 573 385 3102
589 333 802 387 zammer.
1109 329 1149 373 VH

128 481 270 568 βαθμὸν
296 485 365 568 τῆς.
381 482 552 569 ἐκκλησίας
580 489 635 554 καλ
664 486 766 573 ἐπέβη
784 484 845 552 τόν
867 482 1033 568 δεύτερον,
1063 479 1148 568 πρὸς

129 581 284 666 ἑκάτερον
307 576 479 661 άπέπεσον
500 581 543 650 τά
564 580 764 668 ὑποδήματα
785 583 906 650 ἐκτῶν
928 583 1023 648 ποδιῖ
1025 608 1051 646 ν.
1092 581 1146 647 καὶ

128 678 253 746 λοιπὸν
274 674 593 764 οόκέτιπροσέθετο
614 688 708 767 μέχρι
728 683 843 758 τέλους
858 680 941 766 ζωῆς
956 673 1055 746 αὐτοῦ
1070 677 1142 744 zm.
1245 690 1252 699 ‘

127 777 233 861 βάλαι
259 773 457 863 ὑποδήματα
485 789 557 857 τοῖς
583 781 686 845 ποσίν
716 774 826 844 αὐτοῦ.
870 782 1016 865 κατηχῶν
1044 767 1102 843 οόν
1126 774 1144 845 ό

127 874 369 952 ἐπίσκοπος
336 898 394 941 τον
411 870 607 962 Ἐπιφάνιον
623 871 754 943 εἶδεν
721 901 760 941 τυ
775 876 959 961 πρόσωπον
975 870 1074 941 αότου
1062 876 1167 944 ‹ia-5

127 974 341 1057 δοξασμένον,
364 976 419 1039 καὶ
441 979 604 1060 στέφανον
627 973 684 1040 ἐπὶ
705 972 763 1059 τὴν
784 968 982 1061 κεφαλὴν
944 977 1054 1040 αυτοῦ
1084 999 1143 1060 τιν

125 1059 186 1135 οῧν
214 1064 360 1156 άδελφὴν
388 1076 558 1155 παρέθετο
577 1065 772 1157 Ἐπιφάνιος
793 1077 913 1157 Βερονί
913 1098 950 1158 κῃ
977 1073 1043 1138 τινὶ
1066 1040 1143 1158 ἁγίᾳ

124 1172 304 1254 παρθένῳ
334 1163 406 1254 ἥτις
432 1172 487 1234 καί
514 1170 622 1247 καλῶς
651 1169 876 1253 διέπρεψεν’
861 1195 895 1235 εν
922 1168 1049 1247 πάσαις
1069 1178 1143 1248 ταῖς

125 1264 277 1343 ἐντολαῖς
303 1268 361 1330 τοῦ
389 1269 488 1347 θεοῦ,
518 1266 552 1333 ἐν
579 1271 750 1352 παρθενίᾳ
776 1264 837 1331 καὶ
860 1270 969 1388 σεμνηῖ
988 1268 1142 1354 πολιτείᾳ

123 1361 338 1428 καταλύσασα
358 1362 416 1430 τὸν
437 1369 521 1447 βίον.
552 1358 651 1442 αότὸς
673 1363 748 1429 δὲ”
730 1388 858 1446 ερχεται
879 1363 913 1430 ἐν
929 1367 969 1450 τῇ
983 1368 1067 1450 μονῇ
1081 1365 1141 1430 τοῦ
1153 1378 1180 1428 ιο

125 1456 223 1526 ὁσίου
243 1464 453 1527 Λουκιανοῦ
476 1462 510 1528 ἒν
533 1451 560 1547 ᾦ
582 1463 621 1548 ἦν
642 1487 699 1528 και
690 1455 886 1546 Ἰλαρίων“
870 1485 888 1524 ο
903 1461 1072 1548 θεοφόρος
1086 1463 1143 1530 καλ

122 1563 226 1643 μέγας
253 1558 515 1645 θυοματουργός.
558 1583 628 1644 παρ
662 1548 707 1625 ὧν
734 1561 787 1624 καί
817 1557 1007 1625 διδάσκεται
1028 1562 1141 1625 πᾶσαν

122 1655 308 1741 θεάρεστον
330 1658 452 1741 πρᾶξιν
474 1654 530 1724 καὶ
549 1656 726 1741 μοναχικὴν
749 1657 931 1737 πολιτείαν,
955 1657 990 1735 ἓξ
1010 1658 1064 1722 καὶ
1088 1656 1142 1722 δέ·

120 1777 223 1819 κατον
246 1753 318 1834 ε’τος
321 1751 427 1870 Μάγων
449 1757 507 1840 τῆς
528 1749 656 1841 ἡλικίας
678 1749 788 1820 αὐτοῦ.
818 1756 871 1820 καὶ
878 1752 1004 1872 υλαβαίν
1026 1752 1064 1819 τὸ
1079 1776 1141 1837 μο-

122 1849 255 1933 ναχικὸν
278 1853 385 1970 σχῆμα
397 1838 555 1943 νηστεύει
577 1852 633 1919 διὰ
655 1851 714 1918 δύο
736 1854 791 1917 καί
812 1855 913 1936 τριῶν
934 1847 1064 1939 ἡμερῶν
1086 1853 1179 1918 mm

121 1947 308 2033 ἑβδομάδος
329 1945 428 2016 ἅλατι
447 1948 503 2016 καὶ
525 1947 614 2068 άρτῳ
636 1953 690 2016 καί
711 1945 810 2015 όδατι
829 1949 1079 2037 τρεφόμενος.

210 2053 259 2119 19.
294 2035 400 2124 Οὗτος
419 2052 530 2114 τοίνυν
552 2043 570 2112 δ
594 2043 687 2125 ὅσιος
707 2050 761 2113 καί
782 2052 884 2131 μέγας
898 2042 1094 2136 Ἑπιῳάνιος
1107 2046 1142 2114 έν

119 2146 163 2230 τῇ
185 2139 252 2230 adp
275 2140 396 2228 άνδρας
417 2144 511 2224 τινὰς
518 2143 735 2250 συναντήσας
756 2144 839 2229 μετά
861 2148 927 2212 τῶν
942 2149 1065 2233 κτηνῶν
1082 2170 1142 2211 αυτ

119 2244 188 2307 τῶν
209 2248 476 2328 πεφορτωμένιον
498 2237 603 2323 οἶνον,
626 2245 681 2309 καὶ
702 2239 822 2321 όδυτος
842 2241 886 2329 μὴ
911 2239 1140 2328 εὑρισκομένου

120 2341 176 2404 καί
199 2341 265 2404 τῶν
288 2338 379 2419 ζώων
400 2343 439 2427 τῇ
463 2342 546 2428 δίψη
570 2339 787 2408 ἐκλειπόντων
810 2335 851 2405 δι’
870 2335 963 2427 εόχῆς
977 2339 1034 2407 τὸν
1049 2333 1180 2406 oham

121 2435 170 2514 εἷς
190 2431 280 2523 ὕδωρ
301 2440 487 2521 μετέβαλεν.
517 2441 572 2505 καί
593 2442 697 2504 ταῦτα
718 2444 863 2514 ποτίσας
883 2435 1040 2516 έζιόαισεν.

209 2542 257 2601 11.
286 2535 502 2654 Σαρυκηνοὶ
492 2537 576 2603 ποτέ
596 2534 704 2622 τούτῳ
725 2537 772 2621 τῷ
794 2541 945 2621 μακαρίῳ
953 2529 1142 2654 Ἐπιριονίην

119 2627 384 2719 ὑπαντήσαντες
405 2622 502 2712 ἐξ
474 2659 520 2700 ων
549 2628 566 2698 ό
595 2628 643 2712 εἷς
670 2634 731 2718 μέν
751 2629 1046 2721 μονόφθαλμος
1018 2661 1064 2702 ων
1086 2637 1142 2703 καί

207 2927 412 3011 ἕλέπιβάλαι]
436 2936 539 2994 Novitia
554 2936 647 2992 aon'sti
662 2937 757 3004 forma,
769 2947 801 2994 ut
814 2931 943 3010 ἐκβάλοι
958 2939 1029 3012 apud
1044 2940 1137 2994 loann.

117 3019 291 3096 ΜιΙεΙιιυρ.
309 3024 358 3087 60,
376 3024 425 3080 23.
449 3024 520 3088 475,
539 3023 577 3079 22
607 3030 635 3076 et
663 3022 712 3079 alia
740 3023 896 3079 huiusmodi
918 3025 989 3098 apud
1012 3022 1138 3097 Byzanti-

118 3123 181 3162 nos.
211 3101 724 3183 9191911193εεῐεπενεμκεῖν.
761 3100 943 3180 ἐβαλανευο
966 3108 1057 3165 estin
1080 3106 1137 3162 Vita

116 3192 208 3263 p.‚75
225 3193 253 3256 3,
275 3191 323 3249 ubi
345 3185 484 3265 ἔβαλον,
477 3211 505 3249 ln
527 3192 651 3266 Epitome
673 3210 700 3265 p.
716 3193 803 3258 XXVI,
815 3195 863 3250 12.
993 3193 1020 3248 5.
1045 3181 1136 3265 εἶδεν]

117 3267 553 3356 ι’δενΗ.1.Βερονι’κῃ]
582 3272 696 3356 βερων
695 3277 786 3352 κηΗ
817 3278 941 3335 Βεῑετιυτ
955 3277 1040 3332 forma
1055 3273 1138 3354 Βερ-

116 3354 185 3435 νίκη
208 3368 251 3418 est
272 3362 300 3418 in
323 3362 379 3418 Vita
400 3381 428 3437 p.
440 3367 486 3429 10,
499 3366 545 3421 19.
563 3365 613 3420 22
733 3365 761 3421 8
783 3352 861 3437 ἥτις]
893 3352 1029 3428 3⁰11&-

120 3447 170 3502 15.
201 3440 513 3548 νηστεύειν-τρέφοι
492 3438 603 3522 μενος]
635 3447 706 3505 Haec
735 3448 869 3520 excerpsit
897 3447 1049 3520 Ducangius
1072 3464 1096 3504 s.
1111 3466 1135 3504 v.

116 3523 198 3587 Δόο.
300 3535 348 3590 20
371 3535 409 3610 τῇ
432 3528 465 3589 δ
463 3534 546 3613 ψη]
543 3552 590 3609 τη
614 3528 752 3608 δίψειΗ.
783 3533 812 3587 ln
835 3533 893 3590 Vita
915 3549 942 3608 p
955 3536 1003 3598 11,
1021 3535 1059 3592 22
1084 3526 1136 3590 διδ

116 3610 175 3691 τὴν
195 3610 311 3694 πολλὴν
332 3611 439 3694 δόμον.
