<?xml version="1.0" encoding="UTF-8"?>
<!DOCTYPE html PUBLIC "-//W3C//DTD XHTML 1.0 Transitional//EN"
    "http://www.w3.org/TR/xhtml1/DTD/xhtml1-transitional.dtd">
<html xmlns="http://www.w3.org/1999/xhtml" xml:lang="en" lang="en">
 <head>
  <title>
</title>
<meta http-equiv="Content-Type" content="text/html;charset=utf-8" />
  <meta name='ocr-system' content='tesseract 3.04.00' />
  <meta name='ocr-capabilities' content='ocr_page ocr_carea ocr_par ocr_line ocrx_word'/>
</head>
<body>
  <div class='ocr_page' id='page_1' title='image "./epiphaniiepisco00epipgoog_0174.png"; bbox 0 0 2534 4154; ppageno 0'>
   <div class='ocr_carea' id='block_1_1' title="bbox 465 308 1115 378">
    <p class='ocr_par' dir='ltr' id='par_1_1' title="bbox 465 308 1115 378">
     <span class='ocr_line' id='line_1_1' title="bbox 465 308 1115 378; baseline -0.002 -7"><span class='ocrx_word' id='word_1_1' title='bbox 465 320 756 373; x_wconf 76' lang='lat' dir='ltr'>turniovcnsmnts,</span> <span class='ocrx_word' id='word_1_2' title='bbox 1075 308 1115 378; x_wconf 82' lang='grc'>83</span> 
     </span>
    </p>
   </div>
   <div class='ocr_carea' id='block_1_2' title="bbox 73 476 1194 3516">
    <p class='ocr_par' dir='ltr' id='par_1_2' title="bbox 98 476 1159 1381">
     <span class='ocr_line' id='line_1_2' title="bbox 99 476 1119 551; baseline 0.001 -17"><span class='ocrx_word' id='word_1_3' title='bbox 99 479 177 534; x_wconf 84' lang='lat' dir='ltr'>stiani</span> <span class='ocrx_word' id='word_1_4' title='bbox 199 477 280 534; x_wconf 92' lang='lat' dir='ltr'>modo</span> <span class='ocrx_word' id='word_1_5' title='bbox 304 476 432 549; x_wconf 80' lang='lat' dir='ltr'>quilibet,</span> <span class='ocrx_word' id='word_1_6' title='bbox 461 477 626 542; x_wconf 88' lang='lat' dir='ltr'>sedetiam,</span> <span class='ocrx_word' id='word_1_7' title='bbox 657 478 729 551; x_wconf 91' lang='lat' dir='ltr'>quod</span> <span class='ocrx_word' id='word_1_8' title='bbox 752 478 902 533; x_wconf 89' lang='lat' dir='ltr'>mirandum</span> <span class='ocrx_word' id='word_1_9' title='bbox 924 495 954 533; x_wconf 94' lang='lat' dir='ltr'>ac</span> <span class='ocrx_word' id='word_1_10' title='bbox 977 478 1119 535; x_wconf 88' lang='lat' dir='ltr'>detestan-</span> 
     </span>
     <span class='ocr_line' id='line_1_3' title="bbox 99 561 1117 636; baseline 0.001 -17"><span class='ocrx_word' id='word_1_11' title='bbox 99 565 160 619; x_wconf 90' lang='lat' dir='ltr'>dum</span> <span class='ocrx_word' id='word_1_12' title='bbox 190 563 275 636; x_wconf 85' lang='lat' dir='ltr'>magis</span> <span class='ocrx_word' id='word_1_13' title='bbox 304 570 360 626; x_wconf 90' lang='lat' dir='ltr'>est,</span> <span class='ocrx_word' id='word_1_14' title='bbox 392 561 487 628; x_wconf 83' lang='lat' dir='ltr'>Clerici</span> <span class='ocrx_word' id='word_1_15' title='bbox 509 563 561 636; x_wconf 93' lang='lat' dir='ltr'>ipsi</span> <span class='ocrx_word' id='word_1_16' title='bbox 583 580 644 619; x_wconf 91' lang='lat' dir='ltr'>cum</span> <span class='ocrx_word' id='word_1_17' title='bbox 666 562 824 619; x_wconf 91' lang='lat' dir='ltr'>mulieribus</span> <span class='ocrx_word' id='word_1_18' title='bbox 849 564 1008 635; x_wconf 87' lang='lat' dir='ltr'>plerumque</span> <span class='ocrx_word' id='word_1_19' title='bbox 1029 563 1117 620; x_wconf 84' lang='lat' dir='ltr'>lavare</span> 
     </span>
     <span class='ocr_line' id='line_1_4' title="bbox 99 646 1119 720; baseline 0.001 -16"><span class='ocrx_word' id='word_1_20' title='bbox 99 657 303 704; x_wconf 88' lang='lat' dir='ltr'>consueverant.</span> <span class='ocrx_word' id='word_1_21' title='bbox 336 647 410 714; x_wconf 81' lang='lat' dir='ltr'>Quae</span> <span class='ocrx_word' id='word_1_22' title='bbox 431 646 564 720; x_wconf 81' lang='lat' dir='ltr'>flagitiosa</span> <span class='ocrx_word' id='word_1_23' title='bbox 585 647 693 704; x_wconf 87' lang='lat' dir='ltr'>licentia</span> <span class='ocrx_word' id='word_1_24' title='bbox 715 665 776 704; x_wconf 92' lang='lat' dir='ltr'>cum</span> <span class='ocrx_word' id='word_1_25' title='bbox 798 649 825 702; x_wconf 92' lang='lat' dir='ltr'>in</span> <span class='ocrx_word' id='word_1_26' title='bbox 849 648 1006 703; x_wconf 91' lang='lat' dir='ltr'>Christianis</span> <span class='ocrx_word' id='word_1_27' title='bbox 1029 647 1119 705; x_wconf 86' lang='lat' dir='ltr'>omni-</span> 
     </span>
     <span class='ocr_line' id='line_1_5' title="bbox 98 731 1117 807; baseline 0 -18"><span class='ocrx_word' id='word_1_28' title='bbox 98 733 158 799; x_wconf 88' lang='lat' dir='ltr'>bus,</span> <span class='ocrx_word' id='word_1_29' title='bbox 181 741 240 788; x_wconf 89' lang='lat' dir='ltr'>tum</span> <span class='ocrx_word' id='word_1_30' title='bbox 262 733 290 787; x_wconf 89' lang='lat' dir='ltr'>in</span> <span class='ocrx_word' id='word_1_31' title='bbox 308 731 506 804; x_wconf 77' lang='lat' dir='ltr'><strong>posterioribus</strong></span> <span class='ocrx_word' id='word_1_32' title='bbox 523 733 581 788; x_wconf 89' lang='lat' dir='ltr'>istis</span> <span class='ocrx_word' id='word_1_33' title='bbox 598 731 736 788; x_wconf 82' lang='lat' dir='ltr'>Canopum</span> <span class='ocrx_word' id='word_1_34' title='bbox 753 733 895 789; x_wconf 89' lang='lat' dir='ltr'>severitate</span> <span class='ocrx_word' id='word_1_35' title='bbox 911 733 1032 788; x_wconf 80' lang='lat' dir='ltr'><strong>coerceri</strong></span> <span class='ocrx_word' id='word_1_36' title='bbox 1048 748 1117 807; x_wconf 86' lang='lat' dir='ltr'>opus</span> 
     </span>
     <span class='ocr_line' id='line_1_6' title="bbox 99 806 1159 917; baseline 0.001 -43"><span class='ocrx_word' id='word_1_37' title='bbox 99 818 203 874; x_wconf 89' lang='lat' dir='ltr'>hahuit.</span> <span class='ocrx_word' id='word_1_38' title='bbox 232 817 262 872; x_wconf 92' lang='lat' dir='ltr'>ln</span> <span class='ocrx_word' id='word_1_39' title='bbox 285 816 366 872; x_wconf 90' lang='lat' dir='ltr'>Laod</span> <span class='ocrx_word' id='word_1_40' title='bbox 392 816 455 871; x_wconf 89' lang='lat' dir='ltr'>Can.</span> <span class='ocrx_word' id='word_1_41' title='bbox 474 819 522 874; x_wconf 84' lang='lat'>30.</span> <span class='ocrx_word' id='word_1_42' title='bbox 548 806 674 872; x_wconf 78' lang='lat' dir='ltr'>‘&#39;&#39;Ort</span> <span class='ocrx_word' id='word_1_43' title='bbox 640 834 675 872; x_wconf 88' lang='lat' dir='ltr'>ov</span> <span class='ocrx_word' id='word_1_44' title='bbox 699 809 777 872; x_wconf 68' lang='grc' dir='ltr'>δεῖι</span> <span class='ocrx_word' id='word_1_45' title='bbox 767 834 936 915; x_wconf 81' lang='grc' dir='ltr'><strong><em>ιερατικους</em></strong></span> <span class='ocrx_word' id='word_1_46' title='bbox 957 810 975 892; x_wconf 77' lang='grc' dir='ltr'><strong><em>ἢ</em></strong></span> <span class='ocrx_word' id='word_1_47' title='bbox 998 813 1119 917; x_wconf 82' lang='grc' dir='ltr'><strong><em>Κληρι</em></strong></span> <span class='ocrx_word' id='word_1_48' title='bbox 1102 826 1159 877; x_wconf 78' lang='lat' dir='ltr'>tt</span> 
     </span>
     <span class='ocr_line' id='line_1_7' title="bbox 99 892 1117 1002; baseline 0.002 -45"><span class='ocrx_word' id='word_1_49' title='bbox 99 920 178 972; x_wconf 85' lang='grc' dir='ltr'><strong><em>κους,</em></strong></span> <span class='ocrx_word' id='word_1_50' title='bbox 200 894 219 974; x_wconf 77' lang='grc' dir='ltr'>ἢ</span> <span class='ocrx_word' id='word_1_51' title='bbox 241 892 426 974; x_wconf 79' lang='grc' dir='ltr'><strong><em>Ἀσκητοὶς</em></strong></span> <span class='ocrx_word' id='word_1_52' title='bbox 413 919 444 957; x_wconf 81' lang='grc' dir='ltr'>ιν</span> <span class='ocrx_word' id='word_1_53' title='bbox 464 896 648 1002; x_wconf 80' lang='grc' dir='ltr'><strong><em>βαλανείῳμ</em></strong></span> <span class='ocrx_word' id='word_1_54' title='bbox 650 893 715 958; x_wconf 76' lang='lat' dir='ltr'>eard</span> <span class='ocrx_word' id='word_1_55' title='bbox 728 902 880 996; x_wconf 78' lang='grc' dir='ltr'><strong><em>γυναικῶν</em></strong></span> <span class='ocrx_word' id='word_1_56' title='bbox 895 894 1117 973; x_wconf 69' lang='grc' dir='ltr'>ἀπολούεσθαι,</span> 
     </span>
     <span class='ocr_line' id='line_1_8' title="bbox 98 976 1120 1062; baseline 0.001 -19.013"><span class='ocrx_word' id='word_1_57' title='bbox 98 981 177 1061; x_wconf 74' lang='grc' dir='ltr'>μηδὲ</span> <span class='ocrx_word' id='word_1_58' title='bbox 198 976 300 1041; x_wconf 81' lang='grc' dir='ltr'><strong><em>πάντα</em></strong></span> <span class='ocrx_word' id='word_1_59' title='bbox 321 979 549 1062; x_wconf 79' lang='grc' dir='ltr'><strong><em>Χριστιανὸν</em></strong></span> <span class='ocrx_word' id='word_1_60' title='bbox 531 1005 551 1059; x_wconf 85' lang='grc' dir='ltr'><em>η</em></span> <span class='ocrx_word' id='word_1_61' title='bbox 574 976 686 1041; x_wconf 68' lang='grc' dir='ltr'><strong><em>λαὶιιόν.</em></strong></span> <span class='ocrx_word' id='word_1_62' title='bbox 726 986 799 1042; x_wconf 84' lang='lat' dir='ltr'><strong>Idem</strong></span> <span class='ocrx_word' id='word_1_63' title='bbox 823 997 850 1043; x_wconf 92' lang='lat' dir='ltr'>et</span> <span class='ocrx_word' id='word_1_64' title='bbox 872 988 897 1042; x_wconf 90' lang='lat' dir='ltr'>in</span> <span class='ocrx_word' id='word_1_65' title='bbox 922 987 1048 1044; x_wconf 90' lang='lat' dir='ltr'>7rullano</span> <span class='ocrx_word' id='word_1_66' title='bbox 1071 1004 1120 1044; x_wconf 87' lang='lat' dir='ltr'>ve-</span> 
     </span>
     <span class='ocr_line' id='line_1_9' title="bbox 99 1063 1119 1146; baseline 0.001 -19"><span class='ocrx_word' id='word_1_67' title='bbox 99 1073 177 1127; x_wconf 89' lang='lat' dir='ltr'>titum</span> <span class='ocrx_word' id='word_1_68' title='bbox 200 1079 242 1126; x_wconf 89' lang='lat' dir='ltr'>cst</span> <span class='ocrx_word' id='word_1_69' title='bbox 265 1070 329 1125; x_wconf 90' lang='lat' dir='ltr'>Can.</span> <span class='ocrx_word' id='word_1_70' title='bbox 348 1073 396 1127; x_wconf 92' lang='lat'>77.</span> <span class='ocrx_word' id='word_1_71' title='bbox 443 1070 521 1139; x_wconf 78' lang='lat' dir='ltr'>Quod</span> <span class='ocrx_word' id='word_1_72' title='bbox 544 1071 668 1144; x_wconf 91' lang='lat' dir='ltr'>sequitur</span> <span class='ocrx_word' id='word_1_73' title='bbox 700 1063 778 1127; x_wconf 80' lang='grc' dir='ltr'><strong><em>κατὰ</em></strong></span> <span class='ocrx_word' id='word_1_74' title='bbox 801 1067 967 1146; x_wconf 79' lang='grc' dir='ltr'><em>συγκυρίαν</em></span> <span class='ocrx_word' id='word_1_75' title='bbox 989 1072 1119 1145; x_wconf 81' lang='lat' dir='ltr'>imposuit</span> 
     </span>
     <span class='ocr_line' id='line_1_10' title="bbox 99 1152 1119 1234; baseline 0 -22"><span class='ocrx_word' id='word_1_76' title='bbox 99 1156 242 1218; x_wconf 82' lang='lat' dir='ltr'>Camerio,</span> <span class='ocrx_word' id='word_1_77' title='bbox 275 1156 321 1228; x_wconf 89' lang='lat' dir='ltr'>qui</span> <span class='ocrx_word' id='word_1_78' title='bbox 344 1155 480 1228; x_wconf 83' lang='lat' dir='ltr'>Sycyriam</span> <span class='ocrx_word' id='word_1_79' title='bbox 510 1155 599 1211; x_wconf 90' lang='lat' dir='ltr'>lorum</span> <span class='ocrx_word' id='word_1_80' title='bbox 629 1172 688 1210; x_wconf 88' lang='lat' dir='ltr'>esse</span> <span class='ocrx_word' id='word_1_81' title='bbox 717 1155 838 1211; x_wconf 90' lang='lat' dir='ltr'>credidit.</span> <span class='ocrx_word' id='word_1_82' title='bbox 883 1157 948 1211; x_wconf 86' lang='lat' dir='ltr'>Nom</span> <span class='ocrx_word' id='word_1_83' title='bbox 970 1152 1119 1234; x_wconf 83' lang='grc' dir='ltr'><strong><em>σοκοριάν</em></strong></span> 
     </span>
     <span class='ocr_line' id='line_1_11' title="bbox 99 1235 1119 1317; baseline 0 -20"><span class='ocrx_word' id='word_1_84' title='bbox 99 1250 176 1297; x_wconf 86' lang='lat' dir='ltr'>antea</span> <span class='ocrx_word' id='word_1_85' title='bbox 205 1239 363 1312; x_wconf 80' lang='lat' dir='ltr'>legebatur,</span> <span class='ocrx_word' id='word_1_86' title='bbox 393 1256 448 1294; x_wconf 93' lang='lat' dir='ltr'>non</span> <span class='ocrx_word' id='word_1_87' title='bbox 472 1249 560 1295; x_wconf 90' lang='lat' dir='ltr'>tamen</span> <span class='ocrx_word' id='word_1_88' title='bbox 583 1235 739 1317; x_wconf 77' lang='grc' dir='ltr'><strong><em>Σοαοριάν</em></strong></span> <span class='ocrx_word' id='word_1_89' title='bbox 761 1241 909 1296; x_wconf 85' lang='lat' dir='ltr'>maiuscula</span> <span class='ocrx_word' id='word_1_90' title='bbox 933 1237 974 1311; x_wconf 82' lang='grc' dir='ltr'>Σ,</span> <span class='ocrx_word' id='word_1_91' title='bbox 1003 1251 1033 1297; x_wconf 94' lang='lat' dir='ltr'>ut</span> <span class='ocrx_word' id='word_1_92' title='bbox 1056 1242 1119 1316; x_wconf 87' lang='lat' dir='ltr'>qui-</span> 
     </span>
     <span class='ocr_line' id='line_1_12' title="bbox 99 1326 286 1381; baseline -0.011 0"><span class='ocrx_word' id='word_1_93' title='bbox 99 1327 156 1381; x_wconf 91' lang='lat' dir='ltr'>dam</span> <span class='ocrx_word' id='word_1_94' title='bbox 180 1326 286 1381; x_wconf 89' lang='lat' dir='ltr'>asserit.</span> 
     </span>
    </p>

    <p class='ocr_par' dir='ltr' id='par_1_3' title="bbox 100 1400 1121 1720">
     <span class='ocr_line' id='line_1_13' title="bbox 184 1400 1120 1487; baseline 0.002 -22"><span class='ocrx_word' id='word_1_95' title='bbox 184 1403 271 1465; x_wconf 76' lang='lat' dir='ltr'>d&#39;nnlv</span> <span class='ocrx_word' id='word_1_96' title='bbox 298 1404 330 1464; x_wconf 76' lang='grc' dir='ltr'>ἓν</span> <span class='ocrx_word' id='word_1_97' title='bbox 359 1410 402 1487; x_wconf 74' lang='grc' dir='ltr'>τῷ</span> <span class='ocrx_word' id='word_1_98' title='bbox 426 1400 504 1482; x_wconf 70' lang='grc' dir='ltr'><strong><em>ἀέρι]</em></strong></span> <span class='ocrx_word' id='word_1_99' title='bbox 545 1409 625 1465; x_wconf 90' lang='lat' dir='ltr'>Corn.</span> <span class='ocrx_word' id='word_1_100' title='bbox 649 1411 831 1465; x_wconf 75' lang='lat' dir='ltr'><em>deambulans</em></span> <span class='ocrx_word' id='word_1_101' title='bbox 853 1411 884 1465; x_wconf 87' lang='lat' dir='ltr'>in</span> <span class='ocrx_word' id='word_1_102' title='bbox 907 1426 981 1464; x_wconf 83' lang='lat' dir='ltr'>acre.</span> <span class='ocrx_word' id='word_1_103' title='bbox 1027 1411 1080 1466; x_wconf 86' lang='lat' dir='ltr'>Sed</span> <span class='ocrx_word' id='word_1_104' title='bbox 1103 1402 1120 1467; x_wconf 79' lang='grc' dir='ltr'><em>ὃ</em></span> 
     </span>
     <span class='ocr_line' id='line_1_14' title="bbox 100 1487 1121 1570; baseline 0.001 -20"><span class='ocrx_word' id='word_1_105' title='bbox 100 1487 156 1570; x_wconf 75' lang='grc' dir='ltr'>ἀὴρ</span> <span class='ocrx_word' id='word_1_106' title='bbox 179 1493 268 1550; x_wconf 81' lang='lat' dir='ltr'>balnei</span> <span class='ocrx_word' id='word_1_107' title='bbox 291 1511 353 1566; x_wconf 91' lang='lat' dir='ltr'>pars</span> <span class='ocrx_word' id='word_1_108' title='bbox 376 1503 433 1556; x_wconf 89' lang='lat' dir='ltr'>est,</span> <span class='ocrx_word' id='word_1_109' title='bbox 463 1503 493 1548; x_wconf 91' lang='lat' dir='ltr'>ut</span> <span class='ocrx_word' id='word_1_110' title='bbox 516 1511 547 1549; x_wconf 84' lang='lat' dir='ltr'>ex</span> <span class='ocrx_word' id='word_1_111' title='bbox 571 1495 671 1549; x_wconf 84' lang='lat' dir='ltr'>Caleno</span> <span class='ocrx_word' id='word_1_112' title='bbox 693 1496 726 1550; x_wconf 89' lang='lat' dir='ltr'>ad</span> <span class='ocrx_word' id='word_1_113' title='bbox 748 1495 839 1550; x_wconf 87' lang='lat' dir='ltr'>Glauc.</span> <span class='ocrx_word' id='word_1_114' title='bbox 863 1494 967 1567; x_wconf 81' lang='lat' dir='ltr'>pridem</span> <span class='ocrx_word' id='word_1_115' title='bbox 989 1494 1121 1551; x_wconf 87' lang='lat' dir='ltr'>observa-</span> 
     </span>
     <span class='ocr_line' id='line_1_15' title="bbox 101 1578 1120 1652; baseline -0.002 -16"><span class='ocrx_word' id='word_1_116' title='bbox 101 1590 153 1636; x_wconf 91' lang='lat' dir='ltr'>tum</span> <span class='ocrx_word' id='word_1_117' title='bbox 178 1579 211 1634; x_wconf 89' lang='lat' dir='ltr'>ab</span> <span class='ocrx_word' id='word_1_118' title='bbox 236 1578 348 1635; x_wconf 87' lang='lat' dir='ltr'>cruditis</span> <span class='ocrx_word' id='word_1_119' title='bbox 372 1578 536 1643; x_wconf 89' lang='lat' dir='ltr'>hominibus,</span> <span class='ocrx_word' id='word_1_120' title='bbox 560 1580 611 1634; x_wconf 85' lang='lat' dir='ltr'>etsi</span> <span class='ocrx_word' id='word_1_121' title='bbox 634 1596 688 1634; x_wconf 90' lang='lat' dir='ltr'>non</span> <span class='ocrx_word' id='word_1_122' title='bbox 712 1580 776 1634; x_wconf 91' lang='lat' dir='ltr'>satis</span> <span class='ocrx_word' id='word_1_123' title='bbox 798 1579 883 1652; x_wconf 86' lang='lat' dir='ltr'>liquet</span> <span class='ocrx_word' id='word_1_124' title='bbox 905 1595 975 1652; x_wconf 89' lang='lat' dir='ltr'>quae</span> <span class='ocrx_word' id='word_1_125' title='bbox 997 1597 1059 1652; x_wconf 90' lang='lat' dir='ltr'>pars</span> <span class='ocrx_word' id='word_1_126' title='bbox 1075 1579 1120 1635; x_wconf 92' lang='lat' dir='ltr'>illa</span> 
     </span>
     <span class='ocr_line' id='line_1_16' title="bbox 100 1662 679 1720; baseline -0.005 0"><span class='ocrx_word' id='word_1_127' title='bbox 100 1666 140 1720; x_wconf 92' lang='lat' dir='ltr'>sit.</span> <span class='ocrx_word' id='word_1_128' title='bbox 172 1665 228 1720; x_wconf 83' lang='lat' dir='ltr'>llos</span> <span class='ocrx_word' id='word_1_129' title='bbox 251 1664 358 1719; x_wconf 75' lang='lat' dir='ltr'>interim</span> <span class='ocrx_word' id='word_1_130' title='bbox 380 1664 483 1718; x_wconf 81' lang='lat' dir='ltr'>solium</span> <span class='ocrx_word' id='word_1_131' title='bbox 505 1662 679 1719; x_wconf 79' lang='lat' dir='ltr'>reddidimus.</span> 
     </span>
    </p>

    <p class='ocr_par' dir='ltr' id='par_1_4' title="bbox 73 1739 1194 3516">
     <span class='ocr_line' id='line_1_17' title="bbox 184 1739 1194 1826; baseline 0 -23"><span class='ocrx_word' id='word_1_132' title='bbox 184 1741 201 1823; x_wconf 79' lang='grc' dir='ltr'><strong><em>ἡ</em></strong></span> <span class='ocrx_word' id='word_1_133' title='bbox 226 1743 259 1803; x_wconf 70' lang='grc' dir='ltr'>δι’</span> <span class='ocrx_word' id='word_1_134' title='bbox 282 1739 393 1821; x_wconf 72' lang='grc' dir='ltr'><strong><em>ἑαυτὴν</em></strong></span> <span class='ocrx_word' id='word_1_135' title='bbox 415 1744 639 1825; x_wconf 66' lang='grc' dir='ltr'><strong><em>ι’σιμραμιίσατο]</em></strong></span> <span class='ocrx_word' id='word_1_136' title='bbox 673 1747 722 1803; x_wconf 88' lang='lat' dir='ltr'>llic</span> <span class='ocrx_word' id='word_1_137' title='bbox 744 1748 954 1805; x_wconf 91' lang='lat' dir='ltr'>illustrissimum</span> <span class='ocrx_word' id='word_1_138' title='bbox 977 1746 1119 1826; x_wconf 82' lang='lat' dir='ltr'>Annalium</span> <span class='ocrx_word' id='word_1_139' title='bbox 1192 1776 1194 1780; x_wconf 55' lang='lat'>&gt;</span> 
     </span>
     <span class='ocr_line' id='line_1_18' title="bbox 100 1832 1119 1907; baseline -0.002 -17"><span class='ocrx_word' id='word_1_140' title='bbox 100 1834 267 1890; x_wconf 90' lang='lat' dir='ltr'>conditorem</span> <span class='ocrx_word' id='word_1_141' title='bbox 297 1834 447 1889; x_wconf 86' lang='lat' dir='ltr'>insectatur</span> <span class='ocrx_word' id='word_1_142' title='bbox 475 1832 664 1896; x_wconf 88' lang='lat' dir='ltr'>Casaubonus,</span> <span class='ocrx_word' id='word_1_143' title='bbox 696 1833 768 1907; x_wconf 89' lang='lat' dir='ltr'>quod</span> <span class='ocrx_word' id='word_1_144' title='bbox 797 1833 921 1889; x_wconf 89' lang='lat' dir='ltr'>salutaris</span> <span class='ocrx_word' id='word_1_145' title='bbox 951 1833 1021 1888; x_wconf 89' lang='lat' dir='ltr'>illius</span> <span class='ocrx_word' id='word_1_146' title='bbox 1050 1833 1119 1906; x_wconf 83' lang='lat' dir='ltr'>signi</span> 
     </span>
     <span class='ocr_line' id='line_1_19' title="bbox 99 1917 1120 1992; baseline 0.002 -20"><span class='ocrx_word' id='word_1_147' title='bbox 99 1920 196 1974; x_wconf 84' lang='lat' dir='ltr'>virtute</span> <span class='ocrx_word' id='word_1_148' title='bbox 220 1918 397 1973; x_wconf 72' lang='lat' dir='ltr'>Christianam</span> <span class='ocrx_word' id='word_1_149' title='bbox 421 1918 562 1973; x_wconf 77' lang='lat' dir='ltr'>rutilicrem</span> <span class='ocrx_word' id='word_1_150' title='bbox 586 1935 600 1973; x_wconf 89' lang='lat' dir='ltr'>e</span> <span class='ocrx_word' id='word_1_151' title='bbox 623 1927 698 1973; x_wconf 85' lang='lat' dir='ltr'>tanto</span> <span class='ocrx_word' id='word_1_152' title='bbox 722 1919 852 1973; x_wconf 90' lang='lat' dir='ltr'>castitatis</span> <span class='ocrx_word' id='word_1_153' title='bbox 873 1917 995 1992; x_wconf 91' lang='lat' dir='ltr'>periculo</span> <span class='ocrx_word' id='word_1_154' title='bbox 1017 1917 1120 1974; x_wconf 85' lang='lat' dir='ltr'>libera-</span> 
     </span>
     <span class='ocr_line' id='line_1_20' title="bbox 99 2002 1118 2077; baseline 0 -18"><span class='ocrx_word' id='word_1_155' title='bbox 99 2012 150 2059; x_wconf 87' lang='lat' dir='ltr'>tam</span> <span class='ocrx_word' id='word_1_156' title='bbox 175 2002 208 2058; x_wconf 88' lang='lat' dir='ltr'>ab</span> <span class='ocrx_word' id='word_1_157' title='bbox 224 2003 373 2076; x_wconf 89' lang='lat' dir='ltr'>Epiphanio</span> <span class='ocrx_word' id='word_1_158' title='bbox 397 2003 448 2058; x_wconf 93' lang='lat' dir='ltr'>dici</span> <span class='ocrx_word' id='word_1_159' title='bbox 471 2011 558 2076; x_wconf 88' lang='lat' dir='ltr'>putet.</span> <span class='ocrx_word' id='word_1_160' title='bbox 590 2003 667 2071; x_wconf 79' lang='lat' dir='ltr'>Quod</span> <span class='ocrx_word' id='word_1_161' title='bbox 690 2003 868 2077; x_wconf 90' lang='lat' dir='ltr'>Epiphanium</span> <span class='ocrx_word' id='word_1_162' title='bbox 890 2004 1008 2059; x_wconf 89' lang='lat' dir='ltr'>voluisse</span> <span class='ocrx_word' id='word_1_163' title='bbox 1026 2011 1118 2077; x_wconf 80' lang='lat' dir='ltr'>negat,</span> 
     </span>
     <span class='ocr_line' id='line_1_21' title="bbox 99 2087 1119 2161; baseline -0.001 -17"><span class='ocrx_word' id='word_1_164' title='bbox 99 2090 144 2144; x_wconf 88' lang='lat' dir='ltr'>sed</span> <span class='ocrx_word' id='word_1_165' title='bbox 168 2104 219 2143; x_wconf 86' lang='lat' dir='ltr'>nec</span> <span class='ocrx_word' id='word_1_166' title='bbox 242 2087 324 2142; x_wconf 91' lang='lat' dir='ltr'>ullam</span> <span class='ocrx_word' id='word_1_167' title='bbox 347 2088 374 2142; x_wconf 92' lang='lat' dir='ltr'>in</span> <span class='ocrx_word' id='word_1_168' title='bbox 397 2088 475 2160; x_wconf 79' lang='lat' dir='ltr'>signo</span> <span class='ocrx_word' id='word_1_169' title='bbox 506 2088 593 2142; x_wconf 88' lang='lat' dir='ltr'>crucis</span> <span class='ocrx_word' id='word_1_170' title='bbox 617 2088 649 2142; x_wconf 91' lang='lat' dir='ltr'>ad</span> <span class='ocrx_word' id='word_1_171' title='bbox 671 2088 810 2144; x_wconf 85' lang='lat' dir='ltr'>efficienda</span> <span class='ocrx_word' id='word_1_172' title='bbox 831 2088 958 2144; x_wconf 89' lang='lat' dir='ltr'>miracula</span> <span class='ocrx_word' id='word_1_173' title='bbox 982 2089 1119 2161; x_wconf 85' lang='lat' dir='ltr'>propriam</span> 
     </span>
     <span class='ocr_line' id='line_1_22' title="bbox 100 2173 1119 2246; baseline 0 -18"><span class='ocrx_word' id='word_1_174' title='bbox 100 2175 188 2229; x_wconf 90' lang='lat' dir='ltr'>inesse</span> <span class='ocrx_word' id='word_1_175' title='bbox 219 2173 361 2227; x_wconf 89' lang='lat' dir='ltr'>virtutem:</span> <span class='ocrx_word' id='word_1_176' title='bbox 393 2189 481 2245; x_wconf 90' lang='lat' dir='ltr'>neque</span> <span class='ocrx_word' id='word_1_177' title='bbox 504 2190 567 2228; x_wconf 91' lang='lat' dir='ltr'>vero</span> <span class='ocrx_word' id='word_1_178' title='bbox 591 2173 668 2228; x_wconf 90' lang='lat' dir='ltr'>aliter</span> <span class='ocrx_word' id='word_1_179' title='bbox 690 2190 770 2246; x_wconf 87' lang='lat' dir='ltr'>quam</span> <span class='ocrx_word' id='word_1_180' title='bbox 792 2182 823 2228; x_wconf 89' lang='lat' dir='ltr'>nt</span> <span class='ocrx_word' id='word_1_181' title='bbox 845 2174 915 2246; x_wconf 90' lang='lat' dir='ltr'>piam</span> <span class='ocrx_word' id='word_1_182' title='bbox 938 2174 1119 2229; x_wconf 81' lang='lat' dir='ltr'>ceremoniam</span> 
     </span>
     <span class='ocr_line' id='line_1_23' title="bbox 100 2255 1120 2331; baseline 0 -19"><span class='ocrx_word' id='word_1_183' title='bbox 100 2258 244 2315; x_wconf 84' lang='lat' dir='ltr'>adhibitam</span> <span class='ocrx_word' id='word_1_184' title='bbox 267 2257 294 2312; x_wconf 91' lang='lat' dir='ltr'>in</span> <span class='ocrx_word' id='word_1_185' title='bbox 316 2255 435 2312; x_wconf 82' lang='lat' dir='ltr'>Ecclesia</span> <span class='ocrx_word' id='word_1_186' title='bbox 457 2258 550 2322; x_wconf 90' lang='lat' dir='ltr'>veteri,</span> <span class='ocrx_word' id='word_1_187' title='bbox 575 2274 644 2331; x_wconf 89' lang='lat' dir='ltr'>quae</span> <span class='ocrx_word' id='word_1_188' title='bbox 660 2258 775 2312; x_wconf 91' lang='lat' dir='ltr'>orationi</span> <span class='ocrx_word' id='word_1_189' title='bbox 791 2256 916 2313; x_wconf 89' lang='lat' dir='ltr'>adiuncta</span> <span class='ocrx_word' id='word_1_190' title='bbox 931 2258 1034 2312; x_wconf 90' lang='lat' dir='ltr'>animos</span> <span class='ocrx_word' id='word_1_191' title='bbox 1050 2257 1120 2312; x_wconf 85' lang='lat' dir='ltr'>hde-</span> 
     </span>
     <span class='ocr_line' id='line_1_24' title="bbox 100 2340 1119 2408; baseline -0.001 -11"><span class='ocrx_word' id='word_1_192' title='bbox 100 2343 162 2398; x_wconf 92' lang='lat' dir='ltr'>lium</span> <span class='ocrx_word' id='word_1_193' title='bbox 186 2343 220 2397; x_wconf 91' lang='lat' dir='ltr'>ad</span> <span class='ocrx_word' id='word_1_194' title='bbox 243 2341 343 2397; x_wconf 81' lang='lat' dir='ltr'>Christi</span> <span class='ocrx_word' id='word_1_195' title='bbox 365 2358 474 2398; x_wconf 89' lang='lat' dir='ltr'>crucem</span> <span class='ocrx_word' id='word_1_196' title='bbox 498 2343 634 2398; x_wconf 87' lang='lat' dir='ltr'>eveheret.</span> <span class='ocrx_word' id='word_1_197' title='bbox 672 2342 739 2396; x_wconf 85' lang='lat' dir='ltr'>Tum</span> <span class='ocrx_word' id='word_1_198' title='bbox 762 2343 798 2397; x_wconf 90' lang='lat' dir='ltr'>ita</span> <span class='ocrx_word' id='word_1_199' title='bbox 821 2340 943 2405; x_wconf 87' lang='lat' dir='ltr'>subiicit,</span> <span class='ocrx_word' id='word_1_200' title='bbox 977 2340 1046 2408; x_wconf 76' lang='lat' dir='ltr'>Quis</span> <span class='ocrx_word' id='word_1_201' title='bbox 1068 2357 1119 2396; x_wconf 83' lang='lat' dir='ltr'>oe·</span> 
     </span>
     <span class='ocr_line' id='line_1_25' title="bbox 99 2425 1159 2502; baseline -0.002 -20"><span class='ocrx_word' id='word_1_202' title='bbox 99 2443 168 2498; x_wconf 79' lang='lat' dir='ltr'>pore</span> <span class='ocrx_word' id='word_1_203' title='bbox 191 2425 304 2482; x_wconf 81' lang='lat' dir='ltr'>audebit</span> <span class='ocrx_word' id='word_1_204' title='bbox 327 2427 408 2482; x_wconf 83' lang='lat' dir='ltr'>alind</span> <span class='ocrx_word' id='word_1_205' title='bbox 428 2427 480 2481; x_wconf 88' lang='lat' dir='ltr'>boc</span> <span class='ocrx_word' id='word_1_206' title='bbox 503 2443 562 2481; x_wconf 78' lang='lat' dir='ltr'>ease</span> <span class='ocrx_word' id='word_1_207' title='bbox 585 2442 668 2499; x_wconf 82' lang='lat' dir='ltr'>quom</span> <span class='ocrx_word' id='word_1_208' title='bbox 690 2428 764 2496; x_wconf 84' lang='lat' dir='ltr'>qnod</span> <span class='ocrx_word' id='word_1_209' title='bbox 784 2426 883 2480; x_wconf 78' lang='lat' dir='ltr'>scribit</span> <span class='ocrx_word' id='word_1_210' title='bbox 905 2426 1049 2480; x_wconf 77' lang='lat' dir='ltr'>baronius</span> <span class='ocrx_word' id='word_1_211' title='bbox 1075 2426 1119 2480; x_wconf 84' lang='lat' dir='ltr'>di-</span> <span class='ocrx_word' id='word_1_212' title='bbox 1157 2499 1159 2502; x_wconf 22' lang='grc' dir='ltr'>Ι</span> 
     </span>
     <span class='ocr_line' id='line_1_26' title="bbox 100 2510 1120 2584; baseline -0.001 -17"><span class='ocrx_word' id='word_1_213' title='bbox 100 2529 161 2567; x_wconf 84' lang='lat' dir='ltr'>cere</span> <span class='ocrx_word' id='word_1_214' title='bbox 182 2511 376 2584; x_wconf 78' lang='lat' dir='ltr'>Epiphaniam</span> <span class='ocrx_word' id='word_1_215' title='bbox 396 2512 471 2582; x_wconf 65' lang='lat' dir='ltr'>ciani</span> <span class='ocrx_word' id='word_1_216' title='bbox 489 2512 580 2565; x_wconf 81' lang='lat' dir='ltr'>crocis</span> <span class='ocrx_word' id='word_1_217' title='bbox 604 2511 707 2565; x_wconf 80' lang='lat' dir='ltr'>virtute</span> <span class='ocrx_word' id='word_1_218' title='bbox 728 2511 809 2566; x_wconf 84' lang='lat' dir='ltr'>illam</span> <span class='ocrx_word' id='word_1_219' title='bbox 822 2511 1016 2566; x_wconf 76' lang='lat' dir='ltr'>mulierculam</span> <span class='ocrx_word' id='word_1_220' title='bbox 1030 2510 1120 2582; x_wconf 71' lang='lat' dir='ltr'>fultae</span> 
     </span>
     <span class='ocr_line' id='line_1_27' title="bbox 97 2595 1120 2669; baseline 0.001 -17"><span class='ocrx_word' id='word_1_221' title='bbox 97 2598 225 2669; x_wconf 83' lang='lat' dir='ltr'>periculo</span> <span class='ocrx_word' id='word_1_222' title='bbox 248 2599 394 2668; x_wconf 86' lang='lat' dir='ltr'>ereptum?</span> <span class='ocrx_word' id='word_1_223' title='bbox 423 2595 495 2650; x_wconf 88' lang='lat' dir='ltr'>Haec</span> <span class='ocrx_word' id='word_1_224' title='bbox 519 2596 572 2650; x_wconf 88' lang='lat' dir='ltr'>ille.</span> <span class='ocrx_word' id='word_1_225' title='bbox 603 2595 655 2651; x_wconf 90' lang='lat' dir='ltr'>Sed</span> <span class='ocrx_word' id='word_1_226' title='bbox 679 2611 759 2669; x_wconf 89' lang='lat' dir='ltr'>quam</span> <span class='ocrx_word' id='word_1_227' title='bbox 781 2595 871 2668; x_wconf 92' lang='lat' dir='ltr'>iniqua</span> <span class='ocrx_word' id='word_1_228' title='bbox 894 2596 937 2660; x_wconf 92' lang='lat' dir='ltr'>sit,</span> <span class='ocrx_word' id='word_1_229' title='bbox 961 2604 992 2650; x_wconf 88' lang='lat' dir='ltr'>nt</span> <span class='ocrx_word' id='word_1_230' title='bbox 1014 2596 1040 2650; x_wconf 92' lang='lat' dir='ltr'>in</span> <span class='ocrx_word' id='word_1_231' title='bbox 1059 2596 1120 2669; x_wconf 87' lang='lat' dir='ltr'>plc-</span> 
     </span>
     <span class='ocr_line' id='line_1_28' title="bbox 100 2680 1192 2754; baseline 0.001 -18"><span class='ocrx_word' id='word_1_232' title='bbox 100 2683 191 2754; x_wconf 86' lang='lat' dir='ltr'>risque</span> <span class='ocrx_word' id='word_1_233' title='bbox 214 2681 282 2746; x_wconf 80' lang='lat' dir='ltr'>aliis,</span> <span class='ocrx_word' id='word_1_234' title='bbox 307 2680 457 2736; x_wconf 88' lang='lat' dir='ltr'>Casauboni</span> <span class='ocrx_word' id='word_1_235' title='bbox 480 2680 524 2734; x_wconf 91' lang='lat' dir='ltr'>illa</span> <span class='ocrx_word' id='word_1_236' title='bbox 547 2680 696 2753; x_wconf 83' lang='lat' dir='ltr'>castigatio,</span> <span class='ocrx_word' id='word_1_237' title='bbox 724 2696 858 2754; x_wconf 88' lang='lat' dir='ltr'>quamque</span> <span class='ocrx_word' id='word_1_238' title='bbox 882 2681 1028 2736; x_wconf 83' lang='lat' dir='ltr'>oscitanter</span> <span class='ocrx_word' id='word_1_239' title='bbox 1050 2680 1159 2738; x_wconf 78' lang='lat' dir='ltr'>hanc</span> <span class='ocrx_word' id='word_1_240' title='bbox 1188 2688 1192 2695; x_wconf 91' lang='grc'><strong><em>’</em></strong></span> 
     </span>
     <span class='ocr_line' id='line_1_29' title="bbox 73 2765 1120 2867; baseline 0 -46"><span class='ocrx_word' id='word_1_241' title='bbox 73 2765 241 2840; x_wconf 87' lang='lat' dir='ltr'>&#39;Epiphanii</span> <span class='ocrx_word' id='word_1_242' title='bbox 264 2766 403 2862; x_wconf 82' lang='lat' dir='ltr'>historiam</span> <span class='ocrx_word' id='word_1_243' title='bbox 426 2765 532 2867; x_wconf 79' lang='lat' dir='ltr'>legerit,</span> <span class='ocrx_word' id='word_1_244' title='bbox 557 2783 589 2820; x_wconf 78' lang='lat' dir='ltr'>en</span> <span class='ocrx_word' id='word_1_245' title='bbox 611 2783 643 2821; x_wconf 88' lang='lat' dir='ltr'>eo</span> <span class='ocrx_word' id='word_1_246' title='bbox 659 2765 724 2821; x_wconf 88' lang='lat' dir='ltr'>satis</span> <span class='ocrx_word' id='word_1_247' title='bbox 740 2775 860 2838; x_wconf 89' lang='lat' dir='ltr'>apparet,</span> <span class='ocrx_word' id='word_1_248' title='bbox 885 2767 997 2838; x_wconf 78' lang='lat' dir='ltr'>qtrodc.</span> <span class='ocrx_word' id='word_1_249' title='bbox 1016 2767 1120 2823; x_wconf 90' lang='lat' dir='ltr'>8scri-</span> 
     </span>
     <span class='ocr_line' id='line_1_30' title="bbox 100 2836 1120 2927; baseline 0 -21"><span class='ocrx_word' id='word_1_250' title='bbox 100 2851 153 2922; x_wconf 91' lang='lat' dir='ltr'>psit</span> <span class='ocrx_word' id='word_1_251' title='bbox 168 2851 350 2923; x_wconf 86' lang='lat' dir='ltr'>Epiphanius:</span> <span class='ocrx_word' id='word_1_252' title='bbox 375 2841 418 2916; x_wconf 64' lang='lat' dir='ltr'>uta</span> <span class='ocrx_word' id='word_1_253' title='bbox 439 2836 494 2904; x_wconf 84' lang='grc' dir='ltr'>ουν</span> <span class='ocrx_word' id='word_1_254' title='bbox 516 2843 752 2923; x_wconf 77' lang='grc' dir='ltr'><strong><em>κατίσχυσαν</em></strong></span> <span class='ocrx_word' id='word_1_255' title='bbox 726 2867 753 2905; x_wconf 88' lang='grc' dir='ltr'>οι</span> <span class='ocrx_word' id='word_1_256' title='bbox 775 2843 896 2927; x_wconf 73' lang='grc' dir='ltr'><strong><em>γόητες</em></strong></span> <span class='ocrx_word' id='word_1_257' title='bbox 918 2845 969 2906; x_wconf 78' lang='lat' dir='ltr'>did</span> <span class='ocrx_word' id='word_1_258' title='bbox 991 2842 1049 2925; x_wconf 78' lang='grc' dir='ltr'>γὰρ</span> <span class='ocrx_word' id='word_1_259' title='bbox 1064 2851 1120 2923; x_wconf 81' lang='grc' dir='ltr'>τῆς</span> 
     </span>
     <span class='ocr_line' id='line_1_31' title="bbox 100 2925 1120 3034; baseline -0.003 -43"><span class='ocrx_word' id='word_1_260' title='bbox 100 2930 272 3012; x_wconf 71' lang='grc' dir='ltr'><strong><em>σφραγῖδος</em></strong></span> <span class='ocrx_word' id='word_1_261' title='bbox 299 2949 354 2990; x_wconf 86' lang='grc' dir='ltr'>του</span> <span class='ocrx_word' id='word_1_262' title='bbox 380 2933 523 3034; x_wconf 80' lang='grc' dir='ltr'><strong><em>Χριστοῦ</em></strong></span> <span class='ocrx_word' id='word_1_263' title='bbox 553 2933 603 2990; x_wconf 75' lang='grc' dir='ltr'>καὶ</span> <span class='ocrx_word' id='word_1_264' title='bbox 632 2932 761 3001; x_wconf 77' lang='grc' dir='ltr'><strong><em>πίστεως</em></strong></span> <span class='ocrx_word' id='word_1_265' title='bbox 788 2927 1002 3010; x_wconf 69' lang='lat' dir='ltr'>aflopdn‘dn‘</span> <span class='ocrx_word' id='word_1_266' title='bbox 985 2954 1003 3006; x_wconf 85' lang='grc' dir='ltr'><em>η</em></span> <span class='ocrx_word' id='word_1_267' title='bbox 1026 2925 1120 3028; x_wconf 79' lang='grc' dir='ltr'><strong><em>μονή·</em></strong></span> 
     </span>
     <span class='ocr_line' id='line_1_32' title="bbox 99 3008 1118 3119; baseline -0.005 -43"><span class='ocrx_word' id='word_1_268' title='bbox 99 3021 191 3076; x_wconf 82' lang='grc' dir='ltr'><strong><em>τοῦτο</em></strong></span> <span class='ocrx_word' id='word_1_269' title='bbox 221 3014 325 3093; x_wconf 74' lang='grc' dir='ltr'><strong><em>τρίτον</em></strong></span> <span class='ocrx_word' id='word_1_270' title='bbox 352 3038 395 3098; x_wconf 88' lang='grc' dir='ltr'>τῳ</span> <span class='ocrx_word' id='word_1_271' title='bbox 414 3011 553 3117; x_wconf 76' lang='grc' dir='ltr'><strong><em>Ἰωσήπῳ</em></strong></span> <span class='ocrx_word' id='word_1_272' title='bbox 584 3011 780 3095; x_wconf 76' lang='grc' dir='ltr'><strong><em>κατηχήσεως</em></strong></span> <span class='ocrx_word' id='word_1_273' title='bbox 801 3013 890 3095; x_wconf 73' lang='grc' dir='ltr'><strong><em>ἔργον</em></strong></span> <span class='ocrx_word' id='word_1_274' title='bbox 912 3015 1038 3119; x_wconf 75' lang='grc' dir='ltr'><strong><em>ἓμίνιτο,</em></strong></span> <span class='ocrx_word' id='word_1_275' title='bbox 1071 3008 1118 3073; x_wconf 83' lang='grc' dir='ltr'>ὅτι</span> 
     </span>
     <span class='ocr_line' id='line_1_33' title="bbox 100 3077 1119 3181; baseline -0.003 -21"><span class='ocrx_word' id='word_1_276' title='bbox 100 3121 154 3160; x_wconf 88' lang='grc' dir='ltr'>ουκ</span> <span class='ocrx_word' id='word_1_277' title='bbox 182 3097 320 3177; x_wconf 75' lang='grc' dir='ltr'><strong><em>ἴσχυσεν,</em></strong></span> <span class='ocrx_word' id='word_1_278' title='bbox 349 3077 472 3160; x_wconf 67' lang='grc' dir='ltr'><strong><em>ἔν’θα”</em></strong></span> <span class='ocrx_word' id='word_1_279' title='bbox 456 3122 554 3177; x_wconf 89' lang='grc' dir='ltr'><strong><em>ονομια</em></strong></span> <span class='ocrx_word' id='word_1_280' title='bbox 576 3103 716 3180; x_wconf 78' lang='grc' dir='ltr'><strong><em>Χριστοῦ</em></strong></span> <span class='ocrx_word' id='word_1_281' title='bbox 745 3100 794 3160; x_wconf 77' lang='grc' dir='ltr'>καὶ</span> <span class='ocrx_word' id='word_1_282' title='bbox 817 3120 950 3181; x_wconf 78' lang='grc' dir='ltr'><strong><em>σιρραγις</em></strong></span> <span class='ocrx_word' id='word_1_283' title='bbox 971 3102 1119 3177; x_wconf 78' lang='grc' dir='ltr'><strong><em>σταυροῦ,</em></strong></span> 
     </span>
     <span class='ocr_line' id='line_1_34' title="bbox 104 3125 1120 3285; baseline -0.003 -41"><span class='ocrx_word' id='word_1_284' title='bbox 104 3185 300 3284; x_wconf 74' lang='grc' dir='ltr'><strong><em>φαρμιακιιάς</em></strong></span> <span class='ocrx_word' id='word_1_285' title='bbox 339 3181 476 3262; x_wconf 77' lang='grc' dir='ltr'><strong><em>ὁύνομιις</em></strong></span> <span class='ocrx_word' id='word_1_286' title='bbox 508 3125 589 3257; x_wconf 69' lang='grc' dir='ltr'>Ὀοίιί</span> <span class='ocrx_word' id='word_1_287' title='bbox 619 3190 690 3246; x_wconf 91' lang='lat' dir='ltr'>aliud</span> <span class='ocrx_word' id='word_1_288' title='bbox 718 3190 883 3285; x_wconf 83' lang='lat' dir='ltr'>Epiphanius</span> <span class='ocrx_word' id='word_1_289' title='bbox 916 3197 1007 3242; x_wconf 88' lang='lat' dir='ltr'>narrat</span> <span class='ocrx_word' id='word_1_290' title='bbox 1039 3203 1120 3259; x_wconf 88' lang='lat' dir='ltr'>quam</span> 
     </span>
     <span class='ocr_line' id='line_1_35' title="bbox 99 3271 1120 3348; baseline -0.003 -18"><span class='ocrx_word' id='word_1_291' title='bbox 99 3275 187 3330; x_wconf 86' lang='lat' dir='ltr'>crucis</span> <span class='ocrx_word' id='word_1_292' title='bbox 217 3273 362 3346; x_wconf 88' lang='lat' dir='ltr'>praecipue</span> <span class='ocrx_word' id='word_1_293' title='bbox 391 3275 496 3348; x_wconf 81' lang='lat' dir='ltr'>signum</span> <span class='ocrx_word' id='word_1_294' title='bbox 527 3282 554 3329; x_wconf 90' lang='lat' dir='ltr'>et</span> <span class='ocrx_word' id='word_1_295' title='bbox 576 3274 771 3330; x_wconf 88' lang='lat' dir='ltr'>invocationem</span> <span class='ocrx_word' id='word_1_296' title='bbox 794 3273 910 3329; x_wconf 89' lang='lat' dir='ltr'>nominis</span> <span class='ocrx_word' id='word_1_297' title='bbox 934 3271 1032 3327; x_wconf 82' lang='lat' dir='ltr'>Christi</span> <span class='ocrx_word' id='word_1_298' title='bbox 1055 3286 1120 3327; x_wconf 88' lang='lat' dir='ltr'>mu-</span> 
     </span>
     <span class='ocr_line' id='line_1_36' title="bbox 97 3354 1119 3432; baseline -0.001 -18"><span class='ocrx_word' id='word_1_299' title='bbox 97 3358 156 3414; x_wconf 88' lang='lat' dir='ltr'>lieri</span> <span class='ocrx_word' id='word_1_300' title='bbox 176 3358 341 3431; x_wconf 87' lang='lat' dir='ltr'>praesidium</span> <span class='ocrx_word' id='word_1_301' title='bbox 364 3357 508 3414; x_wconf 82' lang='lat' dir='ltr'>attulisse‘l</span> <span class='ocrx_word' id='word_1_302' title='bbox 551 3359 656 3414; x_wconf 85' lang='lat' dir='ltr'>lnhnita</span> <span class='ocrx_word' id='word_1_303' title='bbox 680 3367 743 3414; x_wconf 90' lang='lat' dir='ltr'>sunt</span> <span class='ocrx_word' id='word_1_304' title='bbox 765 3358 937 3432; x_wconf 91' lang='lat' dir='ltr'>antiquorum</span> <span class='ocrx_word' id='word_1_305' title='bbox 962 3357 1013 3412; x_wconf 88' lang='lat' dir='ltr'>PP.</span> <span class='ocrx_word' id='word_1_306' title='bbox 1037 3354 1119 3413; x_wconf 82' lang='lat' dir='ltr'>testi-²</span> 
     </span>
     <span class='ocr_line' id='line_1_37' title="bbox 97 3441 1168 3516; baseline 0.001 -18"><span class='ocrx_word' id='word_1_307' title='bbox 97 3444 196 3507; x_wconf 91' lang='lat' dir='ltr'>monia,</span> <span class='ocrx_word' id='word_1_308' title='bbox 221 3441 320 3515; x_wconf 86' lang='lat' dir='ltr'>quihus</span> <span class='ocrx_word' id='word_1_309' title='bbox 342 3444 416 3508; x_wconf 88' lang='lat' dir='ltr'>illud,</span> <span class='ocrx_word' id='word_1_310' title='bbox 441 3444 514 3516; x_wconf 90' lang='lat' dir='ltr'>quod</span> <span class='ocrx_word' id='word_1_311' title='bbox 530 3443 704 3500; x_wconf 89' lang='lat' dir='ltr'>Casaubonus</span> <span class='ocrx_word' id='word_1_312' title='bbox 727 3451 822 3515; x_wconf 79' lang='lat' dir='ltr'>negat,</span> <span class='ocrx_word' id='word_1_313' title='bbox 847 3441 976 3507; x_wconf 80' lang='lat' dir='ltr'>eflicitur,</span> <span class='ocrx_word' id='word_1_314' title='bbox 999 3451 1118 3500; x_wconf 80' lang='lat' dir='ltr'>veterent</span> <span class='ocrx_word' id='word_1_315' title='bbox 1160 3499 1168 3512; x_wconf 71' lang='grc'>,</span> 
     </span>
    </p>
   </div>
   <div class='ocr_carea' id='block_1_3' title="bbox 16 3526 1119 3602">
    <p class='ocr_par' dir='ltr' id='par_1_5' title="bbox 16 3526 1119 3602">
     <span class='ocr_line' id='line_1_38' title="bbox 16 3526 1119 3602; baseline 0 -18"><span class='ocrx_word' id='word_1_316' title='bbox 16 3531 23 3551; x_wconf 81' lang='grc'><strong><em>’</em></strong></span> <span class='ocrx_word' id='word_1_317' title='bbox 98 3528 244 3584; x_wconf 87' lang='lat' dir='ltr'>Ecclesiam</span> <span class='ocrx_word' id='word_1_318' title='bbox 267 3528 317 3582; x_wconf 92' lang='lat' dir='ltr'>vim</span> <span class='ocrx_word' id='word_1_319' title='bbox 342 3529 475 3602; x_wconf 88' lang='lat' dir='ltr'>quandam</span> <span class='ocrx_word' id='word_1_320' title='bbox 499 3529 610 3584; x_wconf 91' lang='lat' dir='ltr'>salutari</span> <span class='ocrx_word' id='word_1_321' title='bbox 626 3528 714 3583; x_wconf 92' lang='lat' dir='ltr'>crucis</span> <span class='ocrx_word' id='word_1_322' title='bbox 738 3527 815 3599; x_wconf 83' lang='lat' dir='ltr'>siguo</span> <span class='ocrx_word' id='word_1_323' title='bbox 839 3526 975 3582; x_wconf 89' lang='lat' dir='ltr'>tribuisse.</span> <span class='ocrx_word' id='word_1_324' title='bbox 1007 3528 1119 3584; x_wconf 84' lang='lat' dir='ltr'>Caetera</span> 
     </span>
    </p>
   </div>
   <div class='ocr_carea' id='block_1_4' title="bbox 98 3611 1118 3762">
    <p class='ocr_par' dir='ltr' id='par_1_6' title="bbox 98 3611 1118 3762">
     <span class='ocr_line' id='line_1_39' title="bbox 98 3611 1118 3678; baseline 0.004 -11"><span class='ocrx_word' id='word_1_325' title='bbox 98 3623 128 3670; x_wconf 91' lang='lat' dir='ltr'>ut</span> <span class='ocrx_word' id='word_1_326' title='bbox 150 3613 283 3678; x_wconf 89' lang='lat' dir='ltr'>omittam,</span> <span class='ocrx_word' id='word_1_327' title='bbox 308 3631 378 3669; x_wconf 91' lang='lat' dir='ltr'>unus</span> <span class='ocrx_word' id='word_1_328' title='bbox 401 3614 522 3669; x_wconf 89' lang='lat' dir='ltr'>omnium</span> <span class='ocrx_word' id='word_1_329' title='bbox 537 3613 622 3668; x_wconf 89' lang='lat' dir='ltr'>instar</span> <span class='ocrx_word' id='word_1_330' title='bbox 637 3612 688 3668; x_wconf 90' lang='lat' dir='ltr'>erit</span> <span class='ocrx_word' id='word_1_331' title='bbox 699 3612 857 3667; x_wconf 87' lang='lat' dir='ltr'>Nazianzeni</span> <span class='ocrx_word' id='word_1_332' title='bbox 872 3611 949 3668; x_wconf 90' lang='lat' dir='ltr'>locus</span> <span class='ocrx_word' id='word_1_333' title='bbox 965 3631 997 3670; x_wconf 83' lang='lat' dir='ltr'>en</span> <span class='ocrx_word' id='word_1_334' title='bbox 1012 3613 1084 3669; x_wconf 87' lang='lat' dir='ltr'>Orat.</span> <span class='ocrx_word' id='word_1_335' title='bbox 1100 3616 1118 3671; x_wconf 87' lang='lat'><strong>3</strong></span> 
     </span>
     <span class='ocr_line' id='line_1_40' title="bbox 925 3710 958 3762; baseline 0 -19"><span class='ocrx_word' id='word_1_336' title='bbox 925 3710 958 3762; x_wconf 71' lang='grc'>6*</span> 
     </span>
    </p>
   </div>
   <div class='ocr_carea' id='block_1_5' title="bbox 0 0 1273 4154">
    <p class='ocr_par' dir='ltr' id='par_1_7' title="bbox 0 0 1273 4154">
     <span class='ocr_line' id='line_1_41' title="bbox 0 0 1273 4154; baseline 0 0"><span class='ocrx_word' id='word_1_337' title='bbox 0 0 1273 4154; x_wconf 95' lang='lat' dir='ltr'> </span> 
     </span>
    </p>
   </div>
  </div>
 </body>
</html>
