2534 4154
169 307 232 369 228
626 318 740 368 nertin

168 474 248 535 cion.
291 476 425 532 Palladins
455 475 481 530 in
509 473 627 530 Historia
656 474 798 539 lausiaca,
832 492 912 548 quem
946 476 1011 532 citat
1044 473 1193 530 lleursius:

168 554 271 620 πάντα
299 553 396 636 αὐτῆς
422 560 468 630 (de
490 559 602 615 Melania
625 560 745 630 luniorc)
768 552 808 616 τὰ
829 554 942 637 σηρικὰ
963 551 1116 638 ἡμιφόρια
1139 577 1194 614 κα·

170 642 319 720 Arippara
345 648 410 712 τοῖς
429 639 666 722 θοσιαστηρίοις
688 639 875 723 ἐδωρήσατο.
921 646 1038 719 Utraque
1061 661 1129 700 voce
1150 645 1194 700 di·

167 734 279 791 midiata
301 731 383 787 vestis
407 731 573 804 exprimitur.
615 729 756 785 Colobium
780 739 889 788 curioni
911 732 1035 786 tunicam
1057 731 1196 802 interpre-

170 819 221 876 tari
244 818 342 890 possis.
378 816 491 888 Proprie
514 814 622 888 quidem
646 832 715 888 quae
738 816 848 871 manicis
873 827 976 879 circat,
1001 834 1031 871 ac
1054 816 1195 871 decurtata

168 904 216 960 sit.
246 903 284 956 llo
307 919 360 974 qna
382 900 505 956 nonnihil
527 900 560 955 ad
582 900 761 957 Themistium
784 902 907 957 diximus.
949 901 1001 956 Sed
1026 918 1081 956 non
1096 901 1195 956 ¹minus

169 998 234 1062 apte
257 989 295 1042 sic
317 985 447 1060 appellari
468 985 582 1048 videtur,
605 985 672 1058 qnid
694 1003 748 1041 nou
772 986 843 1041 ultra
865 995 962 1060 pectus
984 996 1066 1061 atque
1096 986 1196 1041 hume-

117 1095 138 1124 ιτ
169 1091 218 1132 rus
241 1063 373 1146 pateret,
392 1071 470 1144 quasi
492 1071 659 1126 dimidiatum
682 1079 756 1126 essct
776 1071 897 1144 pallium.
942 1072 1079 1144 Siquidem
1104 1068 1195 1125 κολο·

153 1157 271 1232 Δβοῶσα
292 1157 376 1212 latum
399 1156 503 1212 clavum
526 1155 659 1210 nominari
677 1165 770 1212 censet
786 1159 865 1218 Acro,
889 1157 933 1212 cni
949 1157 1117 1230 respondere
1132 1155 1197 1211 dicit

169 1244 360 1300 indumentum
382 1240 447 1296 illud
471 1259 504 1296 ex
526 1257 655 1313 purpura,
679 1242 752 1315 quod
775 1259 790 1296 a
813 1243 916 1297 cervice
939 1242 971 1297 ad
987 1251 1083 1315 pectus
1100 1250 1197 1296 exten·

172 1338 231 1385 tuin
253 1327 397 1402 gestabant
418 1325 568 1398 Principes.
605 1326 675 1398 Ergo
699 1335 844 1399 propterea
866 1320 1009 1399 κολόβιον
1030 1335 1058 1382 et
1077 1315 1197 1402 ἡμοφό

168 1431 240 1491 prov
260 1421 385 1469 vocaturn
408 1419 459 1474 est,
480 1410 544 1510 quia
568 1411 655 1510 iqstac
678 1411 759 1466 vestis
783 1428 858 1466 more
877 1429 1047 1486 nequaquam
1065 1411 1198 1466 extende-

170 1498 265 1555 batim
307 1496 386 1552 Aliud
414 1504 456 1551 est
481 1485 885 1572 tipopdpiorEpiscoporum,
910 1497 1020 1570 dequo
1045 1497 1197 1552 Germanus

173 1580 499 1654 Constantinopolitanus

261 1669 320 1725 1729
336 1665 364 1721 b.
388 1658 609 1721 Σεκοῦνδον
572 1682 631 1742 γαρ
648 1659 701 1722 τὸν
715 1661 960 1741 Πενταπολίῑην]
985 1667 1046 1722 Euit
1061 1667 1113 1722 iste
1130 1667 1198 1722 Pto·

173 1752 294 1810 lemaidis
311 1751 471 1823 Episcopus,
488 1751 535 1824 qni
558 1767 619 1806 cum
635 1751 754 1815 Theona,
772 1750 845 1823 qnod
861 1752 951 1807 Arium
968 1751 1095 1806 damnare
1111 1751 1198 1809 nollet

175 1839 201 1893 in
217 1837 333 1892 Nicaeno
350 1834 468 1891 Concilio
492 1837 633 1891 damnatus
650 1845 700 1900 est,
724 1837 806 1892 honio
823 1836 988 1892 teterrimus
1018 1836 1102 1892 Cuius
1118 1854 1198 1910 spar-

174 1923 225 1977 sim
248 1920 409 1975 Athanasius
432 1920 563 1975 meminit.
586 1951 590 1961 ·

262 2008 321 2062 730
338 2022 362 2058 a.
393 1996 489 2070 εὐθὺς
509 2002 635 2084 τελευτᾷ
657 1996 672 2059 ὃ
696 1997 899 2080 ὃμολογητής]
938 2007 1023 2062 Tanto
1046 2016 1110 2061 ante
1133 2006 1198 2063 Alc-

175 2091 268 2146 xandri
290 2097 405 2144 mortem
428 2097 456 2144 et
478 2088 623 2144 Nicaenum
647 2089 795 2145 Concilium
819 2092 968 2147 decessisse
984 2091 1121 2146 lleletium
1144 2108 1198 2164 pu-

173 2184 224 2232 tat.
265 2176 295 2230 ln
318 2191 373 2246 quo
395 2175 571 2229 vehomenter
593 2184 680 2240 errat,
709 2184 740 2230 ut
762 2192 844 2248 supra
866 2176 1082 2232 demonstratum
1105 2186 1147 2232 est
1168 2177 1197 2231 in

174 2261 380 2318 Alcletianorum
403 2259 563 2315 Schismate.

263 2349 322 2404 730
340 2346 365 2401 d.
398 2335 466 2418 ἅμα
488 2340 659 2423 Λουκισνῷ
682 2339 712 2400 ἓν
734 2340 940 2425 Νικομηδείᾳ]
984 2346 1103 2403 Luciano
1134 2364 1199 2403 san·

176 2432 297 2488 ctissime
320 2430 452 2503 llartpre,
476 2447 557 2504 quem
580 2431 755 2486 nihilominus
778 2431 867 2486 Ariani
889 2440 1034 2503 patronum
1057 2442 1200 2488 autorem-

167 2534 230 2590 ·que
253 2533 333 2572 sunm
355 2515 500 2572 iactabant.
531 2515 568 2570 lle
591 2533 645 2587 qno
668 2514 842 2588 paulopost.

125 2607 171 2658 2⁸5
263 2603 320 2658 itt
341 2600 367 2656 b.
398 2596 448 2654 καὶ
470 2601 532 2655 πᾶν
553 2592 647 2656 κακὸν
667 2599 751 2672 κινεῖ]
792 2600 856 2673 Leg.
880 2617 912 2656 ex
935 2601 1108 2658 Tlieodoreto
1137 2605 1197 2667 ts

177 2685 223 2740 ubi
246 2686 313 2740 haec
336 2685 427 2740 eadem
451 2685 565 2757 epistola
587 2686 752 2751 continetur,
775 2679 876 2741 πάντα
898 2677 1000 2741 κάλων
1021 2689 1102 2743 κινεῖ.
1133 2684 1199 2742 Oan-

175 2787 239 2826 nent
260 2777 350 2824 monet
371 2771 524 2824 rodentem.
555 2769 728 2826 Notissimum
751 2780 794 2826 cst
815 2770 1000 2827 Proverbium.

265 2857 320 2911 731
341 2871 365 2908 ο.
396 2849 445 2908 καὶ
471 2844 638 2921 Θεοδόσιος
665 2850 716 2910 καὶ
738 2851 909 2928 Παυλῖνος]
955 2857 1019 2930 Leg.
1034 2847 1197 2927 Θεόδοτος,

180 2956 235 2996 οοο
262 2928 439 3007 Θεοδόσιος,
460 2955 492 2993 ex
515 2939 688 3011 Theodoreto
716 2945 740 3005 l,
760 2941 954 3013 5etlt’icepln.
972 2944 1039 3005 8,.9
1072 2943 1134 2998 Fuit
1156 2943 1199 2998 liic

167 3025 325 3082 ¹Laodiceae
346 3022 506 3097 Episcopus,
534 3008 662 3080 Paulinus
685 3025 757 3098 Tyri,
780 3026 942 3082 Athanasius
964 3027 1105 3092 Anazarbi,
1131 3028 1200 3084 Gre-

177 3111 271 3184 gorius
294 3109 392 3182 Beryti,
415 3108 509 3165 Attius
532 3108 646 3182 Lyddac.

266 3197 365 3253 tata.
395 3185 451 3249 σὺν
472 3192 699 3275 Λουκιονιστᾶ,
722 3188 850 3269 ἀὶηθοῖς
871 3188 1012 3268 Εοσέβιε]
1044 3197 1199 3254 Emendar-

178 3280 242 3336 dum
264 3271 527 3336 σολλοοκιανιστά.
557 3279 622 3334 Nam
645 3253 755 3336 Laiciani
769 3281 892 3354 Martyris
915 3281 1061 3354 discipulos
1083 3300 1115 3338 se
1138 3299 1198 3339 csse

171 3365 373 3438 gloriabantur
416 3365 566 3421 Alexander
593 3364 744 3438 Episcopus
770 3365 1001 3422 Alexandrinus
995 3385 1022 3422 m
1050 3367 1137 3462 Epist.
1167 3367 1199 3423 ad

111 3522 114 3532 1
177 3449 357 3506 Alexandrum
393 3449 598 3523 Constantinop.
626 3450 775 3506 Lucianum
809 3450 983 3524 perstringit,
1019 3453 1097 3527 quasi
1126 3453 1201 3508 Pauli

178 3533 348 3590 Samosateni
375 3534 472 3608 dogma
500 3544 611 3602 secutus
639 3544 727 3600 esset,
755 3535 792 3592 ob
821 3536 903 3609 idque
923 3553 938 3590 a
960 3536 1048 3592 tribus
1071 3537 1200 3612 deinceps

169 3617 354 3675 -Antioclienis
372 3619 512 3694 Episcopis
534 3619 568 3676 ab
584 3618 702 3679 Ecclesia
725 3621 856 3678 reiectum
878 3621 984 3682 asserit.
1015 3621 1094 3680 llunc
1108 3622 1200 3683 Ariaui
