2534 4154
470 341 760 393 tnruaoruasruues.
1023 338 1026 346 ·
1064 327 1126 389 aba

107 495 238 569 Gyrillnm
266 494 328 549 odio
359 510 422 550 sese
447 479 483 549 ad
504 496 630 552 Acacium
657 497 832 571 aggregavit,¹
856 513 973 570 quocum
1001 496 1128 570 Cyrillunt

107 576 381 652 Eiomsolymitanum
405 578 437 634 dc
459 579 622 654 Episcopatu
645 581 765 638 dimovit.

195 666 255 722 872
272 662 298 719 b.
330 656 359 719 οἱ
381 655 580 733 συνελθόντες
601 661 771 739 ἐπίσκοποι]
803 666 840 720 lle
863 665 1030 742 Seleucieqsi
1054 665 1128 723 Eon-

106 748 249 813 ciliabulo‚
279 749 353 822 quod
375 749 550 805 Ariminensis
573 743 736 824 ἀντίμιμον
757 751 874 823 appellat
897 751 1039 816 Socrates,
1068 752 1128 808 vide
1221 757 1223 761 ’

105 851 168 890 curn
192 835 332 890 Socratem
354 834 451 907 ipsum.
477 843 533 889 turo
555 835 674 908 reliquos
698 852 792 892 omnes
807 835 1058 893 Ecclesiasticanrm
1082 854 1128 892 re-

107 937 168 976 rum
191 928 219 976 et
240 919 380 975 Annalium
404 920 567 992 Scriptores.

193 1003 331 1060 Celebrate
355 1012 397 1060 est
419 1004 599 1060 Seleuciensis
622 1005 748 1078 Synodus
771 1015 840 1060 anno
865 1004 964 1062 Christi
978 1007 1048 1070 359,
1071 1006 1129 1061 Eu-

106 1088 185 1146 sebio
209 1098 237 1145 et
252 1089 367 1163 Hypatio
382 1089 458 1144 (loss.
482 1106 572 1146 coram
588 1090 712 1145 lauricio
728 1099 755 1146 et
770 1088 858 1145 Eeoua
876 1089 1034 1156 Comitibns‚
1058 1108 1127 1163 quos

106 1174 132 1231 ei
155 1174 334 1231 moderandae
354 1174 527 1230 Constantius
550 1177 725 1247 praefecerat.
756 1174 862 1230 Primus
884 1192 1030 1231 consessus
1054 1176 1129 1231 cele-

79 1304 82 1307 .
105 1259 201 1315 bratus
224 1268 266 1316 est
287 1259 363 1332 Sept.
382 1261 431 1323 tt,
456 1276 510 1331 quo
533 1248 575 1315 die
597 1260 786 1316 altercationes
809 1259 966 1324 extiterunt,
989 1260 1060 1331 quod
1084 1260 1125 1316 iu-

105 1344 189 1400 bento
205 1345 294 1399 Leona
318 1353 347 1400 ut
369 1344 402 1399 de
424 1344 477 1400 fide
500 1345 662 1400 sententiam
685 1345 797 1410 ferrent,
820 1353 952 1417 negarent
969 1344 1128 1400 absentibus

105 1429 214 1493 basilio,
236 1429 409 1494 Macedonio,
433 1429 590 1503 Patropbilo
613 1447 644 1485 ac
667 1431 796 1494 cacteris,
824 1428 872 1504 qui
894 1429 963 1485 male
986 1429 1037 1484 sibi
1060 1445 1128 1486 con-

105 1513 155 1570 scii
178 1522 235 1569 tunt
259 1513 380 1578 aberant,
404 1514 546 1587 quicquam
569 1531 653 1587 posse
674 1515 793 1570 decerni.
825 1514 877 1569 Sed
892 1513 1011 1570 instante
1026 1513 1129 1568 nihilo·

104 1599 196 1655 minus
213 1600 313 1662 Leom,
337 1616 398 1655 cum
421 1599 454 1654 de
477 1599 647 1671 quibusdam,
671 1600 717 1672 qui
740 1599 858 1655 accusati
881 1609 968 1664 erant,
991 1598 1128 1671 cognitio-

106 1701 169 1740 nem
192 1684 343 1739 babendum
365 1693 428 1739 ante
443 1683 570 1757 Episcopi
592 1692 745 1740 statuerent
766 1700 846 1756 quana
870 1683 903 1738 de
925 1683 987 1739 fidei
1014 1685 1128 1756 dogma·

104 1768 179 1824 tibus
214 1776 342 1839 ageretur
376 1769 468 1833 {delati
498 1769 568 1824 enim
603 1777 680 1824 erarrt
709 1769 822 1842 cyrillus
856 1767 1126 1842 Hierosolymorum,

103 1854 263 1909 Eustatbius
285 1851 452 1909 Sebastenns
475 1854 567 1910 etalii
590 1854 723 1918 nonnullit
754 1853 866 1926 pervicit
889 1856 996 1910 tendent
1019 1854 1127 1918 Comes,

103 1947 136 1994 ut
158 1938 192 1994 de
214 1938 266 1994 fide
289 1939 472 2011 quaerendum
494 1941 569 2012 prius
593 1956 652 1995 esse
675 1939 820 1995 videretur.
851 1938 890 1994 lbi
913 1940 1009 2005 Acacio
1032 1952 1127 1996 novam

103 2023 167 2079 ildei
190 2022 331 2079 formulam
355 2033 382 2079 et
408 2024 539 2080 Nicaenae
563 2025 670 2097 penitus
687 2025 849 2080 contrariam
864 2023 989 2080 ollerenti
1004 2024 1129 2081 Silvanus
1171 2075 1185 2100 ,

104 2108 261 2181 caeterique
283 2100 440 2164 Samiariani
469 2109 704 2165 vehementissime
733 2109 901 2166 restiterunt.
947 2111 1036 2177 Quare
1057 2112 1128 2165 Aca-

104 2193 190 2250 ciariis
212 2194 274 2248 inde
297 2194 425 2267 digressis
447 2194 515 2250 lecta
539 2204 582 2251 est
603 2195 770 2250 Antiocheae
793 2187 922 2260 ἕκθεσις.
967 2195 1051 2262 Quam
1074 2210 1128 2267 po-

105 2278 199 2336 stridie
221 2279 249 2333 in
272 2279 439 2334 Seleuciensi
456 2279 584 2344 Ecclesia,
609 2279 725 2335 occlusis
741 2278 845 2334 loribus
861 2279 1062 2351 subscriptione
1077 2292 1127 2333 sua

68 2377 69 2381 ’
104 2362 328 2435 comprobarunt.
359 2364 490 2436 Sequenti
512 2365 582 2428 luce,
607 2374 676 2438 quae
692 2364 793 2437 Synodi
817 2363 894 2418 tertia
915 2363 973 2432 luit,
997 2380 1058 2418 curn
1074 2363 1126 2418 iarn

103 2448 217 2505 Basilius
241 2458 268 2504 et
290 2448 462 2503 Macedonicis
484 2449 663 2515 interessent,
686 2448 798 2505 Aeacius
820 2464 882 2503 cum
906 2448 995 2502 Leona
1019 2448 1127 2520 ingres-
1166 2464 1169 2471 ¹

104 2549 151 2590 sus
180 2533 296 2606 primum
326 2533 444 2589 obtinuit
472 2542 502 2589 ut
529 2534 566 2588 illi
588 2535 654 2608 ipsi,
684 2534 730 2606 qui
762 2534 879 2590 accusati
914 2540 1006 2597 erant,
1035 2532 1068 2588 ab
1092 2549 1124 2588 eo

103 2627 186 2676 coetu
208 2627 454 2674 summoverentur.
492 2618 593 2675 lleinde
615 2636 710 2674 novam
733 2617 795 2674 fidei
818 2618 959 2673 formatam
982 2634 1032 2691 per
1054 2619 1125 2673 Leo·-

104 2720 165 2760 nam
195 2704 354 2777 proposuit,
384 2719 464 2777 quam
487 2703 653 2777 Epiphanius
682 2701 787 2760 recitat.
833 2702 886 2760 Sed
915 2702 1125 2759 reclamantibus

104 2786 234 2854 caeteris,
264 2804 325 2844 cum
347 2787 439 2844 nullus
461 2789 667 2845 contentionum
690 2805 721 2844 ac
743 2789 911 2846 simultatum
932 2787 1019 2844 enitus
1043 2796 1124 2852 esset,

103 2874 208 2930 Leonas
238 2875 272 2929 ad
295 2874 443 2930 Concilium
472 2874 559 2930 redire
587 2874 689 2938 noluit,
718 2882 750 2929 ut
778 2891 828 2930 nec
850 2873 988 2940 Acaciani,
1021 2873 1066 2946 qui
1090 2872 1124 2929 ob

104 2961 301 3016 contumaciam
324 2975 339 3014 a
361 2959 533 3016 Semiarianis
558 2959 674 3032 depositi
697 2967 770 3015 sunt.
816 2961 850 3015 At
871 2959 908 3014 illi
932 2959 1126 3015 Constantino-

103 3044 178 3118 polin
206 3043 240 3099 ad
268 3045 365 3117 lmper.
394 3045 524 3118 proiecti,
554 3046 626 3100 hunc
655 3044 784 3100 adversus
806 3043 948 3108 basilium,
979 3043 1125 3116 Georgium

103 3128 300 3191 Laodicenum,
323 3130 510 3204 reliquamque
532 3130 676 3185 factionem
697 3129 827 3184 maiorem
850 3129 877 3184 in
899 3130 1009 3185 modum
1032 3128 1126 3184 eonci-

104 3221 205 3270 tarunt.
237 3214 317 3270 Plura
339 3215 373 3270 de
395 3215 437 3271 bis
461 3215 587 3282 Socrates
610 3224 661 3270 eto.

190 3301 250 3358 872
268 3317 291 3356 c.
322 3292 382 3375 πρὸ
404 3293 489 3357 πέντε
512 3294 687 3356 Καλανδῶν
708 3289 800 3369 ὀκτώ]
847 3297 913 3353 Post
935 3289 1014 3354 ὄντα)
1039 3299 1125 3354 inter-

103 3384 289 3457 pungendum,
314 3392 345 3440 ut
367 3383 403 3440 sit
424 3384 558 3440 dimidiata
581 3402 631 3440 von
653 3400 702 3456 pro
723 3373 929 3460 Ὀκτωβρίων.

191 3471 251 3527 872
268 3469 293 3525 d.
325 3461 433 3534 καθὼς
447 3463 497 3523 καὶ
512 3461 529 3525 ὃ
545 3462 773 3544 λαμπρότατος]
801 3467 879 3539 Apud
894 3467 1034 3524 Socratem
1050 3486 1073 3524 c.
1085 3471 1119 3526 31

102 3553 208 3610 Leonas
231 3555 329 3611 dicitur
351 3541 393 3620 εἷς
413 3554 475 3610 τῶν
496 3549 528 3610 ἐν
546 3550 718 3625 βασιλικοῖς
732 3547 884 3630 ἐκφωνῶν,
907 3552 1044 3608 Lauricius
1061 3571 1124 3610 vero

103 3639 164 3695 τῶν
186 3633 264 3696 κατὰ
286 3632 343 3714 τὴν
363 3631 516 3718 Ἰσαυρίαν
536 3639 733 3716 στρατιωτῶν
749 3628 926 3714 ἡγούμενος,
949 3636 1175 3706 Theodoretolttl
