2534 4154
448 313 523 362 ACTA
544 312 763 364 uottsttbttlts.
999 354 1002 361 ,
1031 314 1118 358 xxm

92 476 123 527 in
145 468 231 526 corde
253 469 329 524 suo”.
360 468 459 524 ltcvisit
480 469 552 524 haud
575 468 656 525 dubie
678 469 872 526 monasterium
890 468 956 526 illud
971 485 1051 525 snum
1065 469 1118 525 ali·

88 555 207 630 quando
229 553 410 626 Epiphanius,
439 554 547 627 quando
575 553 820 611 ecelesiasticomm
843 554 1015 628 negotiorum
1038 560 1118 610 coust

93 642 124 696 in
145 638 328 695 Palaestinam
355 639 490 696 excurrit:
519 638 567 694 sed
590 639 648 695 eius
671 641 710 696 rei
726 638 806 695 nulla
830 648 871 696 est
893 639 965 713 apud
986 637 1117 712 probat-os

91 725 247 798 scriptores
275 723 426 780 memoria,
441 759 444 763 ,
459 723 590 792 Quantam
613 734 704 781 autem
727 734 784 780 tum
807 725 844 780 ita
867 737 1036 787 excurrens,
1059 734 1117 780 tum

90 818 175 866 antea
198 809 226 879 in
250 808 399 864 Palaestina
421 808 527 872 vivens,
551 808 692 882 collegerit
711 807 855 865 absolutae
877 809 1052 883 perfectionis
1075 805 1118 865 la·

94 911 176 959 mam,
200 892 315 966 intelligi
336 901 428 965 potest
451 910 482 948 en
505 893 618 966 epistola
641 894 728 950 Aeacii
752 903 779 950 et
795 894 871 949 Pauli
893 893 1116 968 presbyterorum

47 1008 50 1016 »
90 989 122 1036 et
143 977 416 1035 archimandritarum
437 978 465 1033 in
489 978 650 1051 Coelesyria,
673 995 742 1051 quae
763 978 923 1053 praefigitur
938 980 1065 1034 Puoatio
1089 989 1117 1036 et

90 1065 134 1122 sic
161 1063 285 1136 incipit:
302 1063 431 1119 “Pietatis
460 1063 568 1136 quidem
592 1073 669 1128 tuae,
697 1063 792 1127 Pater,
821 1074 948 1137 aspectus
971 1065 1028 1138 ipse
1051 1065 1116 1120 satis

91 1166 156 1206 esse
178 1156 297 1223 poterat,
319 1146 366 1222 qui
389 1165 439 1204 nos
461 1147 646 1221 spiritualibus
669 1147 840 1204 sermonibus
862 1149 991 1223 implevit,
1015 1165 1045 1205 ac
1061 1159 1115 1205 tum

91 1234 242 1291 vehemens
264 1233 305 1289 tui
327 1232 405 1289 nohis
427 1232 590 1289 desiderium
612 1234 716 1295 indidit,
739 1242 884 1306 postquam
901 1244 947 1290 tuo
964 1235 1047 1290 semel
1064 1234 1116 1290 lrui

90 1327 246 1393 conspectu
268 1317 352 1374 licuit.
384 1318 481 1373 Verum
505 1319 632 1391 quoniam
655 1318 759 1391 praevia
783 1318 907 1391 discipuli
925 1318 1025 1375 Christi
1045 1319 1116 1375 lama

92 1404 241 1461 verborum
264 1402 322 1458 eius
344 1404 532 1478 laetorumque
554 1404 726 1476 fragrantiam
748 1402 850 1477 ubique
872 1404 1018 1476 praedicat,
1041 1405 1117 1478 augit

90 1507 143 1546 nos
165 1499 195 1545 et
217 1487 347 1552 solicitat,
367 1497 398 1544 ut
418 1488 490 1544 illius
512 1506 563 1545 nos
585 1488 757 1544 sermonibus
774 1497 801 1544 et
817 1488 904 1543 sensis
930 1489 1038 1561 explere
1053 1499 1116 1545 stu-

90 1575 216 1631 deamus.
248 1573 343 1629 Coram
365 1573 448 1647 igitur
469 1572 609 1638 adeuntes,
633 1589 681 1646 par
702 1583 761 1629 erat
784 1573 851 1636 eius,
875 1590 944 1646 quae
963 1574 991 1628 iu
1008 1584 1033 1629 te
1049 1589 1115 1646 per·

88 1659 155 1716 inde
180 1668 263 1734 atque
285 1658 313 1713 in
336 1657 466 1731 apostolis
488 1668 539 1721 est,
563 1659 665 1732 gratiae
687 1659 877 1715 communione
894 1658 1029 1731 perfundi.
1060 1657 1115 1713 Sed

88 1761 154 1800 cum
177 1744 231 1800 iter
247 1742 326 1798 -iltad
339 1742 419 1800 nohis
442 1743 564 1816 corporis
587 1744 727 1817 aegritudo
751 1753 779 1800 et
799 1744 915 1816 languor
929 1743 1114 1800 intercluserit

91 1869 187 1886 .....
212 1828 339 1901 pietatem
368 1838 443 1885 tuam
471 1829 646 1885 vehementer
675 1845 832 1894 exoramus,
863 1837 893 1883 ut
917 1846 1011 1884 eorum
1033 1827 1112 1885 nobis

89 1914 311 1970 communionem
333 1929 368 1969 ne
388 1913 515 1978 invideas,
538 1931 608 1988 quae
631 1914 658 1968 in
680 1922 707 1969 te
730 1922 794 1969 sunt
817 1913 985 1970 aSalvatore
1005 1913 1112 1970 collata.

90 1999 198 2055 Etenim
221 2015 276 2053 non
298 2015 348 2054 nos
371 1999 422 2071 ipsi
444 1998 542 2063 solum,
566 1999 614 2054 sed
637 2008 664 2054 et
686 1999 803 2054 universi
821 1999 867 2073 qui
882 2000 1036 2064 audierunt,
1060 2016 1114 2056 no-

91 2101 153 2140 vum
183 2092 211 2140 te
239 2083 392 2156 apostolum
415 2100 632 2157 praeconemque
654 2083 834 2149 confitentur,
865 2100 879 2139 a
902 2083 1010 2141 Christo
1033 2083 1112 2140 nobis

89 2170 141 2225 hac
162 2176 252 2224 aetate
274 2169 446 2242 productum,
469 2168 542 2224 velut
564 2169 679 2224 alterum
701 2171 844 2243 quemdam
867 2169 1004 2234 loannem,
1028 2177 1059 2224 ut
1082 2184 1113 2224 ea

89 2254 263 2327 praeciperes
285 2270 354 2327 quae
377 2253 506 2308 servanda
528 2263 592 2308 sunt
614 2255 661 2318 iis,
693 2255 788 2326 quiin
811 2254 876 2309 illud
899 2254 972 2329 quod
995 2253 1113 2326 arripui·

88 2355 151 2394 mus
175 2337 318 2394 sanctioris
341 2338 409 2393 vitae
432 2337 595 2394 curriculum
618 2355 648 2394 se
670 2339 879 2394 commiserint''.

181 2426 227 2480 14.
273 2421 306 2477 Ut
334 2430 424 2479 autem
454 2423 497 2478 illa
523 2422 686 2478 monasteria
708 2423 736 2477 iu
761 2421 912 2494 Coelesyria
935 2421 1024 2476 invisit
1046 2421 1112 2494 Epi·
1200 2489 1202 2493 y

88 2507 222 2581 phanias,
247 2506 285 2562 sio
307 2516 334 2562 et
356 2507 389 2563 de
411 2523 462 2562 suo
486 2506 666 2563 bethleemico
690 2515 806 2562 testatur
827 2506 1022 2580 Hieronymus,
1048 2505 1112 2562 illuc

86 2610 152 2650 eum
179 2591 344 2656 accessisse,
375 2592 472 2648 “cum''
501 2591 538 2647 ihi
566 2591 599 2647 ab
627 2591 724 2648 ardore
753 2590 835 2648 lehris
860 2589 1057 2665 “respirasset'’
1081 2591 1109 2653 8.

87 2677 187 2742 Paula,
219 2683 267 2732 “et
293 2676 400 2750 medici,
417 2677 615 2751 persuaderent
644 2675 678 2732 ob
702 2676 877 2735 relectionem
901 2678 1024 2750 corporis
1047 2677 1108 2733 vino

86 2779 158 2836 opus
183 2778 243 2818 esse
266 2762 340 2817 tenui
363 2770 391 2817 et
413 2778 503 2835 parco,
531 2778 565 2816 ue
587 2779 684 2835 aquam
707 2761 802 2818 bibens
826 2763 852 2818 in
876 2763 1025 2836 hydropem
1048 2779 1111 2818 vel*-

88 2855 210 2912 teretur;
240 2854 267 2902 et
296 2862 346 2920 ego
369 2846 436 2902 clam
459 2846 568 2902 beatum
590 2863 686 2920 papam
709 2847 888 2920 Epiphaniam
910 2864 1049 2922 rogarem,
1080 2857 1110 2904 ut

84 2949 147 2989 eam
169 2939 303 2996 moneret,
325 2931 380 2987 imo
396 2931 578 3004 compelleret
600 2933 689 2987 vinum
711 2931 831 2989 bibere''.
861 2932 961 2988 Aderat
983 2949 1049 3006 ergo
1072 2930 1110 2986 ibi

88 3025 154 3073 tunc
181 3009 360 3089 Epiphanius:
389 3033 444 3090 quo
467 3025 557 3072 autem
580 3033 709 3072 successu
732 3019 948 3072 commendatum
972 3016 1024 3072 sihi
1046 3015 1110 3071 olli-

85 3101 159 3158 cium
182 3100 254 3174 apud
275 3099 385 3157 Paulam
407 3101 508 3174 egerit,
533 3102 709 3174 prosequitur
731 3103 800 3158 idem
823 3102 1012 3176 Hieronymus,
1039 3115 1109 3155 con-

85 3186 197 3243 tinuans
221 3184 361 3259 epistolam
385 3187 422 3242 27
445 3187 485 3241 od
505 3188 594 3260 {iliam
615 3186 725 3241 Paulae
741 3184 938 3242 Eustochium:
962 3185 1038 3248 “llla,
1064 3184 1108 3239 in-

84 3270 157 3346 quit,
180 3278 212 3326 ut
233 3279 291 3326 erat
311 3270 431 3344 prudeus
454 3280 482 3326 et
497 3271 604 3327 solertis
620 3271 729 3344 ingenii,
753 3272 838 3328 sensit
853 3270 971 3333 insidias,
995 3278 1023 3325 et
1038 3264 1108 3324 sub-

85 3354 194 3420 ridens,
224 3371 313 3413 meum
342 3372 403 3411 esse
430 3355 505 3428 quod
525 3355 571 3412 ilie
591 3356 713 3420 diceret,
732 3356 871 3412 intimavit.
918 3355 986 3423 Quid
1008 3351 1106 3428 plural

84 3454 149 3499 cum
170 3438 268 3496 beat-ns
290 3440 411 3513 pontifex
432 3449 495 3513 post
514 3441 598 3497 multa
614 3441 784 3496 hortamenta
801 3440 900 3496 exisset
914 3440 995 3505 foras,
1020 3456 1129 3514 quae-.

84 3525 159 3582 renti
177 3524 246 3581 mihi
267 3525 332 3598 quid
354 3525 463 3599 egisset,
488 3525 642 3599 respondit:
666 3524 780 3583 lautum
796 3523 909 3598 proieci,
932 3534 962 3581 ut
977 3527 1036 3582 seni
1051 3526 1106 3581 ho·

84 3609 154 3666 mini
179 3626 250 3684 pene
278 3611 460 3684 persuaserit,
489 3627 523 3666 ne
546 3609 636 3666 viuum
658 3605 773 3665 hiham’'.
819 3608 917 3666 lladem
939 3611 967 3666 in
990 3611 1105 3686 epistola
