2534 4154
473 321 763 373 anrnaovmsronas.
1062 305 1124 381 203,

108 476 220 551 ¹chebii
242 475 438 550 chronologiae
460 485 673 533 consentaneum
696 486 747 542 cst,
770 476 814 550 qui
836 491 908 533 auno
931 474 1047 544 Probi2
1069 474 1127 531 lla-

107 563 284 627 picbaeordm
307 561 438 634 originem
460 563 589 636 assignat.
629 562 707 631 Quod
728 561 844 627 formasa
866 561 955 619 verius
978 568 1028 618 est.
1073 559 1128 616 Sed

106 646 136 705 ia
158 646 263 702 Dnulrii
285 646 372 702 Pastis
400 646 453 701 duo
482 642 509 702 in
530 645 614 712 Probi
635 647 808 719 Imperatoris
834 647 913 705 annis
941 647 1040 702 omissa
1063 654 1128 701 sunt

106 732 183 809 partia
206 731 282 787 Coss.
312 747 466 805 quanquam
484 733 520 787 ‘in
548 730 737 805 superioribus
759 731 836 787 annis
858 749 950 801 unum,
965 747 1128 805 compensa-

105 825 193 879 terat.
237 817 275 884 lta
304 832 359 871 uno
388 816 516 872 duntaxat
543 833 614 871 anno
642 815 767 882 sublato,
797 832 858 873 cum
881 834 943 873 aera
965 816 1128 890 Dionysiana

104 901 283 969 coumliatur,
306 900 377 973 quod
400 901 523 974 plerique
545 900 617 957 Pasti
640 902 782 974 expunctis
804 900 911 958 duobus
935 899 1127 972 Consulatibus

103 984 243 1057 ebtiuent.
288 984 325 1042 De
347 1003 401 1058 qno
424 986 488 1041 alias
511 986 702 1060 opportunius.
748 986 832 1054 Quam
853 985 971 1042 absurde
994 986 1027 1042 de
1049 985 1126 1045 initio

104 1069 191 1141 Probi
212 1071 385 1143 Imperatoris
407 1070 548 1127 Emendat.
565 1071 658 1144 l'emp.
674 1069 757 1127 libb
781 1071 900 1144 disputet
923 1071 1051 1144 Scaliger,
1075 1087 1126 1128 suo

103 1155 169 1227 loco
193 1155 363 1212 discutietur.

110 1310 113 1315 Ι
192 1241 231 1297 hd
254 1239 454 1304 llanichaeum,
478 1240 532 1296 sive
555 1239 703 1304 Menatem,
728 1239 802 1312 quod
824 1239 934 1303 attinet,
964 1240 1052 1295 variae
1074 1239 1126 1297 sub

104 1324 179 1401 idern
201 1325 258 1381 lere
280 1333 388 1398 tempus
410 1325 568 1399 eruptiones
589 1325 704 1381 monstri
726 1325 797 1380 illius
819 1323 938 1388 luerunt,
962 1333 990 1380 et
1010 1324 1127 1397 insigni-

104 1408 160 1487 bus
181 1409 295 1467 alicuius
322 1409 449 1466 facinoris
470 1411 542 1475 notis
564 1409 726 1466 celebratae.
765 1410 844 1478 Quae
866 1425 961 1465 caussa
982 1409 1047 1473 luit,
1077 1425 1127 1465 cur

99 1512 163 1573 ⁸rtotr
197 1495 293 1551 iisdem
327 1495 538 1568 Imperatoribus
571 1504 653 1568 atque
682 1494 758 1551 Coss.
788 1495 908 1551 haeresis
939 1494 1018 1549 istius
1048 1494 1125 1567 origo

102 1580 290 1641 mandaretur.
334 1581 364 1635 ln
389 1580 467 1635 annis
490 1580 589 1636 Christi
611 1580 719 1652 longius
740 1579 890 1637 abhorrent
911 1578 1077 1652 Epiphanius
1099 1588 1127 1635 et

106 1664 162 1723 hec
185 1665 220 1738 hl.
242 1663 349 1720 Probus
372 1665 442 1721 enirn
464 1681 496 1720 ac
517 1663 646 1720 Paulinus
662 1664 738 1721 Cosa.
761 1664 884 1721 incidunt
906 1665 932 1720 in
954 1681 1054 1721 annum
1069 1664 1126 1721 lere

105 1749 208 1829 Christi
232 1751 290 1821 277
314 1750 342 1805 in
364 1766 426 1806 aera
448 1749 621 1823 Dionysiana,
646 1766 700 1824 quo
724 1765 891 1815 annumero
915 1752 951 1807 31
978 1749 1054 1804 annis
1076 1749 1127 1806 de-

105 1832 196 1895 ductis
221 1835 280 1892 246
310 1835 374 1890 anni
402 1833 498 1906 reliqui
527 1842 592 1889 sunt
618 1833 652 1889 ab
674 1835 840 1890 ascensione
862 1833 983 1890 Domini:
1014 1835 1128 1891 totidem

103 1918 225 1995 scilicet,
254 1927 322 1991 quot
344 1936 376 1974 en
396 1918 511 1989 aliorum
533 1919 667 1975 sententia
689 1921 842 1992 posteriore
864 1919 892 1975 in
914 1937 1027 1977 numero
1050 1920 1128 1994 ponit

105 2002 283 2081 Epiphanius.
328 2003 429 2060 Prioris
457 2012 547 2060 autem
574 2005 676 2078 epocha
698 2021 755 2061 non
777 1995 837 2061 ἀπὸ
859 2007 914 2080 τῆς
935 1998 1127 2080 ἀναλήψεως,

104 2089 156 2155 aed
186 2081 247 2144 ἀπὸ
274 2089 329 2163 τῆς
354 2081 552 2163 συλλήψεως,
585 2089 626 2145 vel
654 2084 795 2164 γενέσεως
822 2092 983 2161 arcessenda
1011 2091 1126 2147 videtur.

106 2172 230 2247 Denique
251 2173 323 2246 apud
343 2174 462 2230 Leonem
485 2191 535 2247 pro
559 2176 619 2232 260
642 2175 788 2248 legendum
804 2177 881 2243 240„
904 2175 971 2231 llam
992 2175 1127 2232 rotundus

103 2257 156 2331 hic
173 2275 304 2314 numerus
327 2268 369 2315 est
391 2275 407 2315 a
428 2257 530 2317 Christi
551 2260 717 2316 Ascensione
742 2260 884 2316 deductus.
930 2260 1072 2315 Caeterum
1095 2275 1128 2314 ea

106 2343 160 2409 bac
181 2343 323 2416 Dpiplranii
345 2343 486 2417 putatione
508 2360 563 2398 non
586 2344 760 2400 mediocriter
773 2344 810 2408 id,
834 2344 908 2418 quod
923 2360 1004 2417 supra
1020 2344 1127 2418 plenius

103 2429 286 2499 ostendimur,
308 2429 454 2493 astruitur,
479 2427 578 2484 Christi
592 2428 697 2485 Domini
712 2428 869 2485 Passionem
892 2437 919 2486 ct
933 2429 1127 2485 Ascensionem

103 2512 135 2571 iu
155 2512 288 2579 lulianum
313 2516 351 2570 76
374 2513 523 2569 incurrere.

114 2672 118 2677 Ι
170 2599 253 2657 ,637
271 2599 297 2654 d.
328 2588 461 2668 anidani
483 2589 551 2654 τότε
574 2591 624 2652 καὶ
647 2591 703 2664 ἕως
724 2591 828 2675 deripe]
869 2598 900 2654 ln
923 2597 1057 2655 Chronico
1078 2599 1128 2655 Ni-

103 2682 220 2756 eepbori
241 2682 399 2755 probabas,
423 2681 525 2738 Zabdas
548 2682 657 2755 legitur.
687 2683 755 2738 ltem
777 2700 828 2756 pro
843 2682 965 2749 blaximo,
991 2683 1128 2743 Maximia-

102 2784 170 2847 nus,
192 2784 345 2841 perperam.
376 2767 488 2823 llarimo
511 2766 625 2840 Cyrillus
647 2768 795 2833 successit,
819 2785 873 2841 qno
896 2768 929 2825 ab
951 2769 1056 2826 Arianis
1079 2788 1123 2828 ea·

103 2860 185 2919 taum
209 2852 258 2918 (ait
271 2852 453 2925 Nicephorust
475 2858 532 2909 tres
554 2853 612 2908 eius
627 2851 688 2919 loco
704 2852 798 2911 ordine
814 2853 963 2926 subrogati,
986 2855 1126 2922 arsenius,

103 2934 256 3002 Heraclius,
280 2937 405 2993 Hilarius.
438 2937 538 2994 Postea
560 2936 674 3010 Cyrillus
696 2938 723 2995 in
745 2938 838 2995 sedem
861 2940 1004 2996 restitutus
1027 2957 1128 2996 secun-

100 3020 158 3088 dae
187 3021 296 3095 Synodo
330 3022 452 3079 interluit
483 3022 610 3079 Gratiano
643 3023 803 3095 imperante.
847 3022 920 3091 llaec
947 3022 1126 3097 Nicephorus.

102 3104 219 3165 Hieron.
249 3106 276 3162 in
306 3107 501 3181 Supplemento
530 3106 642 3180 Cyrillos
666 3111 683 3165 4
713 3116 855 3163 enumerat
883 3115 946 3182 post
972 3108 1125 3165 Maximum.
1181 3106 1184 3110 ⁴

104 3189 172 3253 Aliis
200 3207 285 3247 unum
312 3209 363 3266 per
391 3208 423 3248 ea
444 3201 576 3266 tempora,
600 3191 728 3266 Cyrillum
749 3192 835 3249 luisse
856 3191 966 3265 placuit.
1012 3192 1050 3248 De
1072 3209 1126 3266 quo

101 3275 268 3333 consulendi
295 3276 412 3333 Annales
440 3277 583 3335 Duroniani
611 3279 644 3335 Α.
661 3271 731 3335 351.
774 3276 872 3350 Agitur
905 3285 933 3332 et
965 3276 1000 3333 de
1028 3277 1126 3352 Cyrillo

103 3358 188 3417 flaer.
206 3363 255 3418 73.

117 3506 122 3511 ,
192 3442 330 3517 βασιλεῖς
353 3436 602 3519 brutuitatem]
644 3443 763 3501 Probum
785 3445 980 3518 Imperatorem
999 3455 1178 3521 praeter-aee

105 3526 189 3611 misit.
202 3530 246 3587 hic
268 3529 444 3604 Epiphanius,
467 3544 501 3585 an
523 3530 665 3597 librarius,
690 3528 841 3604 quonzlib.
862 3530 897 3587 de
919 3529 1005 3587 Poud.
1029 3548 1127 3589 recen·

104 3624 161 3683 eet
183 3615 264 3691 eique
286 3631 371 3673 annos
394 3630 441 3671 sex
463 3622 491 3671 et
512 3631 620 3673 menses
642 3615 710 3673 duos
733 3613 869 3673 attribuit:
896 3615 1040 3675 Aureliano
1057 3635 1127 3676 ¹nero
