2534 4154
158 301 220 363 234
616 317 731 368 aarum

157 472 216 540 Quo
239 488 323 527 sensu
345 471 420 543 pnius
442 471 542 527 Ioanne
565 472 613 527 llei
636 471 706 528 lilius
730 471 826 536 extitit,
853 481 999 544 propterea
1021 471 1097 545 quod
1119 489 1181 529 sae·

156 557 232 629 pius,
263 557 306 611 vel
328 565 472 629 antequam
495 557 639 613 humanam
662 574 772 614 carnem
795 556 935 622 indueret,
967 557 1107 613 veteribus
1130 557 1182 619 Pa,-

157 641 282 697 triarehis
305 641 439 714 apparuit.
472 642 585 699 Tertull.
603 645 620 699 2
644 641 877 698 compellarem
895 643 945 698 27.
975 641 1051 699 Nam
1073 649 1101 697 ει
1112 659 1182 714 pra·

155 728 264 800 fituuur
288 725 427 781 Chm‘stum
447 743 556 800 semper
578 729 666 798 episse
688 728 719 782 iu
740 727 794 782 Dei
811 726 911 784 ,Patris
933 728 1060 792 nomine,
1090 729 1183 799 ipsum

157 812 193 866 ab
216 812 298 866 tuitio
321 820 532 877 conversatam,
554 815 647 885 ipsum
668 828 847 883 compressum
869 828 931 866 aum
952 812 1134 868 Patauium
1156 821 1184 869 et

157 895 321 968 Prophetis,
347 905 374 951 et
396 906 519 961 caetera,
543 916 613 972 quae
635 905 729 962 caute,
753 897 793 952 uti
815 896 883 960 dini,
906 896 1021 969 legenda
1043 905 1125 962 suut;
1153 907 1184 954 ut

158 989 186 1036 et
207 981 302 1037 lustini
332 981 408 1037 lacus
437 982 496 1046 ille,
527 999 559 1038 ex
581 1000 636 1056 qua
660 982 841 1038 Tertullianus
862 981 914 1037 ista
937 982 1062 1054 sumpsit.
1109 980 1202 1041 ldem.

156 1083 249 1139 parra,
274 1065 321 1122 seul
344 1065 424 1140 lange
448 1068 625 1140 prudentius,
649 1067 729 1122 ducet
750 1066 917 1138 Augustinus
941 1075 1036 1122 cantra
1057 1068 1182 1126 Adimam

158 1167 181 1208 ε.
200 1153 228 1209 9.
262 1152 336 1220 Quia
358 1152 419 1224 ipse
442 1153 544 1217 Filius,
568 1153 678 1225 (inquit)
701 1152 749 1224 pul
772 1159 813 1206 εει
839 1151 956 1208 Verbum
971 1151 1033 1217 Dei,
1055 1170 1115 1208 nau
1137 1168 1184 1208 sa-

158 1237 215 1292 lum
236 1238 396 1292 nouissimis
425 1240 609 1310 temporibus,
639 1253 701 1292 aum
723 1237 754 1292 iu
776 1253 863 1292 eume
885 1253 1026 1309 apparere
1049 1238 1184 1308 aequatus

158 1330 206 1386 εει,
228 1325 278 1378 aad
300 1323 385 1378 etiam
404 1325 486 1395 ptius
510 1341 529 1378 a
551 1322 748 1378 constitutione
769 1323 867 1376 muudi
890 1323 937 1377 aui
959 1322 1049 1377 ualuit
1067 1324 1103 1378 ae
1126 1322 1185 1379 Pa·

157 1415 198 1463 ινε
220 1410 422 1474 annunciabit;
446 1410 505 1464 siue
528 1410 674 1480 loquendo,
698 1409 758 1465 stne
780 1408 960 1478 apparendo,
984 1408 1029 1462 uel
1047 1423 1104 1478 per
1125 1406 1185 1464 Au·

155 1494 275 1564 pelicum
297 1495 424 1565 aliquam
443 1501 619 1566 patestatem,
642 1495 687 1549 uel
705 1509 760 1565 per
782 1493 935 1564 quamlibet
950 1500 1113 1547 creaturam
1129 1502 1184 1551 etc.

157 1578 211 1635 Sed
234 1596 292 1635 eam
315 1579 504 1653 quaestionem
528 1578 639 1634 uberius
663 1577 774 1650 expauit
796 1577 813 1633 Ι.
832 1579 849 1634 2
866 1577 1009 1632 dalaiau.
1041 1577 1134 1634 Redeo
1149 1580 1185 1636 ad

156 1664 345 1737 Epiphaniam,
369 1665 416 1738 qui
438 1658 551 1738 ἐγένετο
570 1663 621 1730 (sic
637 1664 708 1719 enim
723 1662 798 1735 legit,
822 1679 872 1735 pru
887 1655 1016 1736 γέγονεν)
1032 1663 1105 1719 idem
1121 1680 1184 1721 esse

104 1757 236 1821 tsuputat
258 1757 339 1820 atque
361 1750 481 1807 accessit
503 1758 530 1806 et
552 1750 675 1804 advem't.
702 1747 781 1816 Quod
796 1745 985 1819 mihiaquidem
1001 1763 1056 1802 uun
1071 1747 1183 1820 prohat.

157 1835 195 1888 Aa
217 1833 240 1888 si
266 1833 361 1888 Graeci
383 1833 506 1888 vocabuli
528 1833 579 1888 vim
602 1833 767 1897 consideres,
791 1825 890 1906 γέγονε
912 1830 983 1886 ἰ4εοι
1006 1848 1067 1888 εεεε
1089 1842 1185 1906 potest

158 1934 188 1973 aa
208 1918 377 1988 productus,
407 1919 448 1973 vel
470 1919 580 1988 penitus
604 1926 659 1982 εει,
689 1919 764 1991 quud
786 1917 834 1972 uei
856 1916 910 1972 hliu
934 1915 1070 1973 convenit.
1116 1918 1186 1975 Nam

157 2011 220 2057 ante
242 2002 368 2057 loannem
392 2002 500 2074 genitus
524 2011 574 2065 est,
598 2011 646 2057 aut
667 2010 742 2057 certe
766 2001 837 2057 item
860 2009 902 2057 est
923 2002 1120 2073 nequeenim.
1150 2006 1185 2060 ht

157 2096 253 2143 noster
274 2086 411 2158 Interpres
434 2086 486 2141 aliu
509 2103 607 2150 sensu.
636 2087 730 2157 sactus
753 2094 809 2150 εει,
832 2086 922 2165 vertit.
966 2085 1048 2164 Quasi
1071 2086 1100 2142 id
1120 2088 1186 2147 velit

157 2173 281 2235 Ιοοεοεε,
305 2180 367 2226 ante
390 2189 434 2228 me
455 2171 542 2227 lactus
565 2180 616 2235 est,
640 2171 666 2226 id
689 2179 731 2227 est
753 2170 849 2227 maioni
871 2171 985 2244 quadam
1001 2171 1028 2227 iu
1044 2173 1185 2230 excelleu-

158 2257 194 2313 tia
227 2274 258 2312 aa
287 2256 417 2330 dignitate
440 2257 615 2313 constitutus.
662 2257 758 2312 Potest
780 2264 808 2312 et
830 2255 864 2311 ad
885 2256 1005 2312 Divinam
1028 2248 1185 2329 praedesti·

158 2342 295 2399 nationem
328 2359 359 2398 aa
393 2333 583 2420 προορισμὸν
615 2341 751 2406 renouari,
792 2342 824 2397 de
854 2358 906 2414 qua
934 2340 1034 2396 Paulus
1063 2342 1144 2399 Rom.
1169 2346 1181 2401 l

157 2445 228 2485 cam.
249 2431 277 2484 4.

245 2514 304 2569 766
321 2530 345 2568 a.
377 2507 454 2589 (paul
476 2505 535 2593 pilu
557 2505 660 2584 πάλιν]
707 2512 744 2568 lle
767 2512 820 2568 hue
842 2511 923 2568 llarei
946 2511 1102 2568 testimonia
1125 2512 1185 2569 dis·

158 2597 224 2653 serit
246 2597 407 2653 Athanasius
431 2599 504 2653 Orat.
522 2601 539 2656 4
569 2598 698 2653 adversus
722 2597 852 2662 Arianos,
883 2599 998 2670 August.
1029 2596 1063 2654 de
1086 2597 1183 2656 Triuit.

163 2682 247 2744 ι,12,
272 2681 353 2736 llilan.
372 2685 388 2738 9
413 2683 446 2737 ue
469 2681 542 2737 Tuin.
566 2691 593 2738 et
615 2683 659 2738 alii
669 2682 846 2783 εροιρισσεε.

245 2767 346 2822 772³.
377 2759 411 2821 τὸ
435 2758 468 2820 δὲ
491 2758 608 2839 ἀληθὲς
626 2785 677 2822 και
669 2759 937 2843 ἀπαρεμφάτως]
960 2767 1025 2840 Lug.
1042 2759 1185 2842 αληθῶς.
1212 2765 1217 2778 ’

159 2841 285 2907 Purm’
268 2843 499 2944 απορεμφᾴτως
517 2851 586 2906 idem
603 2861 645 2907 est
660 2868 691 2908 aa
706 2851 829 2924 simplici,
853 2868 909 2907 uun
925 2851 1071 2925 allegorica
1086 2869 1182 2919 sensu,

159 2935 206 2991 sed
229 2935 339 3008 proprie
363 2943 390 2990 et
413 2934 472 2989 siue
493 2935 604 2991 alterius
628 2937 667 2991 rei
690 2936 898 3010 significatione

247 3022 346 3078 7860.
378 3014 428 3074 καὶ
450 3012 515 3093 μετ’
540 3037 576 3075 av
598 3014 698 3075 πολλὰ
720 3014 823 3093 ειπών]
856 3022 965 3078 Comma
988 3011 1090 3078 istud
1083 3040 1111 3077 m
1128 3022 1185 3079 Ηε-

158 3106 241 3185 braea
265 3122 320 3162 non
342 3105 487 3178 reperitur,
510 3105 587 3164 sed
580 3122 619 3160 m
624 3105 732 3162 Graecis
753 3105 883 3169 humanat
898 3106 1077 3172 Editiauibus‚
1101 3107 1184 3165 Deut.

160 3193 209 3256 32,
227 3194 283 3250 43:
317 3191 395 3246 aliter
422 3184 512 3247 lamen
535 3207 693 3263 expressum
716 3207 796 3263 quam
818 3191 863 3247 hie
884 3191 917 3246 ah
940 3192 1090 3285 Epiphania
1114 3209 1185 3290 cpu-

159 3277 272 3350 cipitur,
302 3277 355 3332 hac
377 3275 480 3333 seilicet
502 3275 598 3332 moda:
624 3264 838 3374 4Evtppu'u-9btt
861 3264 1030 3352 abparal‘'
1010 3295 1075 3349 αμα
1098 3268 1183 3356 αὐτῷ

158 3356 209 3417 καὶ
231 3354 534 3437 προσκυνησάτωσαν
547 3352 640 3461 abigi
660 3351 771 3426 πάντες
792 3351 912 3436 ἄγγελοι
933 3359 1021 3432 θεοῦ,
1045 3363 1121 3437 quod
1141 3371 1185 3419 est

158 3462 263 3514 camma
286 3448 336 3505 42.
367 3447 434 3502 Tum
447 3451 501 3506 43
526 3438 725 3545 εὐφρανθητε
747 3437 823 3520 ἔθνη
844 3439 924 3519 μετὰ
946 3446 1000 3503 τοῦ
1022 3444 1101 3504 λαοῦ
1126 3465 1184 3504 au-

158 3532 213 3586 τοῦ
235 3525 285 3586 καὶ
307 3524 554 3605 ἐνισχεσάτωσαν
576 3523 661 3633 αὐτῷ
682 3520 792 3598 πάντες
813 3523 873 3588 uiui
895 3529 983 3588 θεοῦ.
1014 3531 1182 3634 Epiphanius

158 3631 222 3671 vera
244 3615 283 3671 sie
304 3616 427 3674 intertit.
451 3610 752 3694 προσκυνησάτωσαν
774 3608 870 3697 utiam
878 3608 1001 3682 πάντες
996 3609 1072 3674 uim
1063 3612 1183 3679 θεοῦ·
