2534 4154
156 285 221 353 1376
612 301 727 353 reravu

156 459 295 534 proiectus
318 457 344 513 in
368 455 559 513 Galaaditidem
580 456 749 528 migraverat.
789 455 859 513 Elias
881 472 945 515 vero
967 456 1057 512 Levita
1081 455 1181 519 urbem

149 545 185 607 in
201 542 298 600 Galaad
314 540 407 597 Thisbi
422 541 512 605 ,luisse
534 541 630 598 dooet:
654 556 724 615 quae
746 557 807 605 eum
830 539 863 597 alt
879 540 1006 598 Israelitis
1029 550 1095 615 post
1108 542 1184 605 illem

151 627 360 684 tlalnionitarum
382 626 494 690 cladem,
518 644 572 701 qua
590 626 741 682 Galaaditae
764 627 866 698 pariter
888 626 1000 683 involuti
1022 637 1098 692 sunl,
1122 627 1182 685 luti.

152 714 208 778 21,
232 713 291 769 solo
314 720 387 768 esset
409 719 538 785 aequata,
568 711 706 784 plerique,
728 710 786 784 qui.
799 710 909 773 eaedem
930 711 1015 774 illam,
1028 711 1183 787 effugerant

156 797 263 856 reversi,
280 806 375 870 postea
390 796 519 870 oppidum
534 796 729 858 instaurarunt,
752 793 785 851 ab
802 813 891 870 eoque
906 812 971 852 casu
986 792 1061 858 'taba
1079 812 1181 861 *notar

105 882 288 945 2to.nominuti
310 890 383 938 sunt.
414 881 535 950 Quorum
557 895 628 937 unus
650 880 720 936 Elias
743 879 803 936 1011.
832 880 899 938 Nam
920 880 973 937 illis
995 879 1184 947 01110001οω-

155 967 270 1041 porilnus
292 975 453 1040 argumento
475 975 526 1030 est,
549 964 623 1038 quod
639 974 695 1021 tum
711 974 851 1038 superstes
868 974 926 1023 erat
939 965 1074 1034 Phiuees3
1098 984 1182 1041 quen

157 1053 273 1109 eundem
298 1068 359 1109 esse
381 1068 443 1107 eum
458 1050 514 1107 Elia
529 1050 662 1124 Magistris
678 1049 777 1122 placet.
807 1050 880 1113 Haec
894 1051 994 1107 Levita.
1025 1051 1101 1120 Quae
1116 1062 1182 1113 suat

157 1137 345 1193 insulsissima.
390 1136 533 1209 Fingamus
556 1136 627 1191 enim
649 1135 733 1191 Ellam
756 1151 816 1191 esse
839 1135 971 1200 Phineos.
996 1136 1181 1209 quomodofn

156 1223 192 1279 ad
219 1239 314 1279 neeem
336 1222 475 1294 quaesitus
498 1219 697 1284 ablsraelitis,
727 1236 758 1275 ae
780 1221 844 1292 luga
864 1220 957 1294 lapsus
980 1221 1055 1278 credi
1077 1232 1180 1296 petest.

35 1368 41 1387 Ι
156 1307 204 1380 qui
233 1306 265 1362 ab
289 1307 397 1363 illorum
418 1305 541 1379 partibus
564 1305 684 1369 steterit,
714 1304 864 1378 iisdemque
885 1304 1055 1378 praetuerit?
1097 1308 1182 1383 Alpi

155 1392 227 1449 hane
255 1392 368 1448 eandem
397 1390 430 1447 de
453 1390 570 1446 Phineas
598 1389 730 1454 sahulem,
759 1389 834 1462 quod
861 1390 933 1447 idem
962 1391 998 1448 sit
1027 1408 1091 1449 cum
1112 1392 1180 1457 litia.

156 1474 240 1533 habet
262 1476 372 1532 Hieron.
395 1475 453 1532 Lib.
477 1475 587 1544 Quaest.
610 1473 693 1531 Hebr.
717 1475 743 1530 in
767 1474 881 1548 Paralip.
905 1475 983 1531 euius
1012 1470 1181 1539 authoritate

155 1562 242 1625 fretus
267 1561 363 1618 Petrus
387 1560 530 1617 Lamianus
545 1560 593 1634 Ep.
612 1563 630 1618 4
654 1559 687 1614 ad
700 1559 786 1616 Nicol.
803 1559 963 1617 Pontificem
986 1560 1100 1619 eandem
1116 1562 1182 1637 plu-

155 1646 232 1703 ribus
249 1646 368 1720 exponit.
400 1645 477 1714 Quod
493 1663 527 1702 ne
543 1645 734 1701 refutationem
749 1644 859 1719 quidem
874 1654 1004 1702 meretur.
1034 1645 1180 1705 abulensis

154 1730 326 1788 sacerdotem
349 1731 432 1787 luisse
454 1738 536 1803 negat
558 1730 678 1792 omnino,
702 1729 751 1786 sed
766 1729 899 1787 levissima
915 1730 1081 1797 coniectura,
1106 1733 1182 1806 quod

156 1815 328 1871 Galaaditidis
350 1815 437 1872 ineola
459 1815 624 1871 nominetur.
655 1815 710 1870 lmo
732 1832 796 1871 vero
819 1815 915 1870 saltem
931 1832 962 1872 ex
977 1832 1010 1872 eo
1023 1818 1181 1877 ¹contrariae

157 1899 301 1972 suspitioni
324 1900 410 1964 incus,
434 1900 562 1972 quoniam
585 1912 731 1961 naamam:
755 1916 790 1955 en
807 1901 956 1972 inquilinis
979 1901 1044 1966 luit;
1069 1904 1123 1961 hoo
1138 1913 1182 1963 eat

157 2001 212 2039 uon
235 1983 371 2056 indigena,
395 2001 483 2059 neque
507 2002 539 2041 ex
561 1984 605 2040 illa
621 1983 713 2049 Trihu,
736 1984 784 2040 sed
806 1987 967 2059 peregrinus
991 1995 1019 2043 et
1041 1987 1069 2050 in
1091 1988 1180 2047 alieno

156 2068 216 2125 solo
245 2068 357 2142 degens.
401 2068 556 2143 Verumin
584 2086 615 2124 re
640 2068 722 2125 dubia
743 2069 872 2142 utrinque
894 2070 970 2143 larga
991 2071 1128 2129 divinandi
1148 2088 1189 2133 aa

155 2153 309 2209 somniandi
331 2153 409 2226 eopia
431 2162 482 2210 est.
512 2153 567 2210 Nos
590 2153 670 2210 otiosi
692 2170 749 2210 non
770 2171 875 2209 sumus.
907 2155 984 2224 Quod
999 2157 1034 2212 ad
1048 2158 1181 2231 oppidum

155 2255 221 2295 vero
245 2237 338 2295 Tlvisbi
359 2238 493 2312 pertinet,
523 2238 637 2303 deeius
660 2239 714 2295 situ
736 2255 815 2295 nemo
839 2239 906 2296 certi
928 2240 1028 2313 aliquid
1045 2230 1181 2314 prodidit.

156 2324 209 2380 nisi
229 2325 306 2398 quod
328 2323 466 2382 Tobiae-l
493 2342 525 2381 ex
547 2324 613 2380 Lxx
635 2323 811 2380 translatione
834 2323 943 2388 Thisbi,
967 2341 982 2380 e
1004 2342 1058 2398 quo
1083 2327 1182 2385 oriunt-

156 2409 321 2466 dus-suisse
343 2409 441 2467 Tobiae
469 2409 616 2472 asseritur,
647 2409 673 2464 in
698 2408 813 2465 Galilaea
840 2409 966 2482 ponitur,
996 2427 1078 2483 supra
1100 2414 1181 2479 Aser.

157 2511 227 2568 quae
250 2495 277 2549 in
299 2494 391 2551 Latina
414 2495 524 2551 minime
546 2494 730 2568 reperiuntur:
767 2494 820 2551 Sed
843 2503 871 2550 et
892 2494 992 2551 Manius
1014 2495 1047 2550 ad
1074 2499 1108 2554 11
1134 2497 1184 2557 To·

157 2596 207 2635 sue
233 2573 342 2653 Θηβῆς
363 2597 413 2652 pro
439 2574 559 2654 Θισβῆς
580 2579 754 2636 scribendum
776 2578 919 2636 existimat.
955 2580 1089 2653 Iosephus
1113 2584 1181 2648 8‚t

158 2661 330 2719 Thesbonem
352 2664 532 2721 Galaaditidos
554 2665 651 2721 urbem
674 2664 745 2720 111100
767 2664 881 2737 patriam
904 2681 964 2720 esse
987 2665 1059 2721 dieit.

158 2778 163 2787 ·
243 2738 378 2824 ἀδελφὸς
405 2743 523 2824 γέγονεν
540 2741 659 2821 ’10111αέ1
704 2749 753 2805 1110
775 2758 817 2805 est
839 2748 942 2805 leiadas
964 2749 1105 2816 Pontifex,
1131 2752 1183 2829 qni

156 2830 208 2889 suh
231 2831 336 2893 athalia
358 2841 387 2888 01
407 2834 467 2891 toas
483 2834 641 2891 Sacerdotin
663 2834 773 2891 functus
796 2841 847 2897 est,
871 2833 921 2890 sub
942 2833 994 2891 hoe
1016 2852 1080 2892 vero
1103 2852 1183 2903 men·

157 2925 237 2982 tuus,
268 2933 330 2980 oum
351 2890 461 2973 viflsset
482 2935 568 2974 annos
594 2922 662 2977 130.
708 2918 860 2974 Torniellus
883 2936 953 2975 anno
976 2919 1070 2977 mundi
1096 2924 1183 2987 atat

157 3010 273 3059 mortem
301 3001 389 3066 illins,
418 3002 477 3059 Ioas
507 3002 644 3060 tricesimo
666 3004 762 3078 quinte
786 3004 857 3067 lere.
886 3004 1037 3077 consignat.
1083 3007 1182 3083 Coepit

157 3096 248 3147 autem
270 3087 339 3151 loas,
363 3103 395 3143 ex
410 3087 592 3160 chronologia
613 3096 716 3152 nestra,
739 3088 800 3145 Per.
816 3087 865 3145 lul.
884 3091 983 3156 3836;
1006 3091 1180 3163 0101011031

158 3172 280 3230 eiusdem
302 3172 428 3229 convenit
448 3172 476 3228 in
496 3173 529 3229 ,1.
552 3172 789 3238 Ρο1.101.3870,
813 3190 828 3229 e
850 3174 949 3246 quibus
972 3175 1100 3233 detractis
1118 3178 1180 3239 tao

157 3257 255 3331 reliqui
277 3266 342 3315 sunt
358 3259 451 3316 3140.
480 3259 574 3331 ltaque
595 3275 666 3314 anno
682 3258 744 3314 Per.
760 3257 810 3315 lul.
828 3261 906 3317 3741
933 3269 1042 3332 praeter
1062 3270 1180 3337 propter

156 3351 302 3405 natusest
323 3342 436 3409 loiadas,
458 3342 590 3400 Roboami
606 3345 634 3409 2,
658 3343 734 3399 annis
756 3352 820 3416 post
835 3342 939 3417 Templi
960 3345 1101 3403 eonditum
1115 3346 1179 3422 plata

156 3427 246 3490 minus
270 3430 319 3485 31,
350 3427 427 3497 Quod
450 3428 473 3484 si
494 3427 599 3485 loiadae
622 3428 705 3486 frater
726 3427 796 3485 Elias
818 3429 869 3486 luit
892 3438 919 3485 01
932 3429 1075 3486 Achimaaa
1093 3430 1178 3499 filius,

156 3528 328 3586 consequens
351 3522 394 3570 est
414 3514 534 3570 Aramum
558 3514 673 3571 eundem
695 3530 756 3570 esse
778 3530 840 3570 eum
862 3512 959 3570 loiada.
1001 3514 1177 3590 Quippe.l.·:t·

157 3595 218 3652 Par.
240 3599 301 3659 0.,11
324 3598 445 3655 aSadok
466 3615 553 3673 usque
575 3599 609 3655 ad
624 3598 728 3675 Templi
750 3597 881 3657 excidium
896 3597 1075 3657 Sacerdotem
1090 3601 1176 3667 seties
