2534 4154
533 293 536 319 l

607 325 723 374 PETthl

372 531 414 587 hl)
438 528 605 587 Haunustn
626 531 693 586 Lxx
714 529 944 587 auutnuouuu.

233 652 290 708 821
310 668 334 706 a.
367 643 538 724 φάσκοντες
559 642 620 705 ἀπὸ
643 643 875 722 Κωνσταντίου]
921 650 976 704 lmo
1000 645 1171 706 Ktuvoratv·

145 729 240 793 alrov.
272 735 413 791 lactabant
435 734 568 790 Haeretici
591 750 622 790 ac
648 729 1013 810 Tanoupcoamdaaoai'cua
1036 735 1171 791 Nimenos

146 821 241 876 Patres
270 820 296 875 in
321 820 489 876 Constantini
517 820 629 892 gratiam
652 819 798 892 legitimam
822 820 960 875 Paschatis
983 819 1171 876 celebritatem

147 923 216 962 nova
238 905 378 960 sanctione
401 904 586 977 perturbasse.
623 905 696 972 Quos
720 904 819 960 refellit
840 904 967 960 Socrates
992 908 1019 969 5,
1039 907 1095 962 23:
1119 901 1170 960 καὶ

147 983 204 1064 οὐχ
233 977 274 1056 ὥς
302 1007 380 1056 τινες
407 983 640 1062 ἐπεθρύλλησαν
666 982 685 1063 q‘
708 984 756 1044 tut
777 984 1015 1045 Κωνσταντίνου
1038 983 1172 1058 σύνοδος

145 1069 203 1150 τὴν
224 1065 332 1151 ἑορτὴν
353 1067 469 1147 ταύτην
490 1069 707 1150 παρέτρεψεν.4

232 1148 278 1215 ὅτι
299 1150 349 1215 ὅτε
371 1153 410 1215 τὰ
431 1153 585 1234 γενέθλια]
616 1163 656 1214 An
679 1159 824 1214 nativitatis
840 1158 919 1221 diem,
943 1175 977 1213 an
993 1159 1102 1233 imperii
1118 1177 1171 1214 na·-

146 1244 227 1301 talem
251 1244 391 1317 intelligat,
415 1243 533 1300 dubitari
556 1253 655 1317 potest.
689 1244 783 1299 lnciilit
806 1245 877 1298 enim
900 1244 1046 1299 Nicaenum
1070 1243 1172 1300 Conci·

145 1328 209 1387 lium
239 1330 266 1384 in
296 1347 357 1384 eum
387 1345 502 1392 annum,
534 1345 588 1400 quo
618 1328 810 1384 Constantinus
834 1328 984 1384 Vicennalia
1013 1329 1170 1394 celebravit,

145 1414 269 1488 adeoque
298 1414 414 1470 natalem
442 1414 546 1486 imperii
575 1413 645 1468 diem
669 1414 843 1488 exquisitiore
867 1431 963 1486 pompa
987 1423 1016 1468 et
1037 1423 1170 1487 apparatu

146 1499 241 1557 coluit.

148 1626 151 1631 ·
233 1585 290 1642 821
310 1584 336 1638 d.
368 1575 399 1637 ἕν
422 1600 452 1638 τε
471 1576 595 1658 χρόνοις
610 1574 826 1658 Ἀλεξάνδρου]
869 1583 1006 1650 Quaenam
1030 1583 1081 1638 suh
1104 1583 1171 1638 Ale-

144 1670 248 1726 xandro
269 1668 445 1723 Alexandriae
460 1667 595 1740 Episcopo
610 1667 754 1722 Paschales
770 1667 837 1722 istae
854 1667 950 1723 turbae
966 1668 1075 1731 luerint,
1100 1686 1171 1723 nus

54 1808 59 1818 ,
144 1772 227 1828 quiam
249 1770 263 1808 a
286 1771 328 1808 me
352 1753 461 1816 lectum,
486 1753 527 1808 vel
549 1752 679 1808 auditum.
721 1753 775 1808 Sed
798 1769 888 1826 neque
909 1755 971 1827 quis
993 1752 1170 1808 Crescentms

144 1839 190 1895 ille
212 1838 303 1893 luerit.
321 1837 471 1904 'Quiaerant
492 1837 607 1909 amplius
630 1837 738 1894 eruditi.

144 1951 147 1959 ›
233 1924 292 1979 822
309 1939 333 1977 a.
364 1917 406 1986 εἷς
428 1923 518 1976 τοῦτο
541 1917 575 1976 da*
597 1913 625 1975 ni
649 1910 735 1977 astant
753 1914 926 1993 Addcuvot']
952 1919 1171 1978 Constitutionos

145 2006 314 2080 Apostolicas
337 2005 369 2060 ad
393 2006 493 2061 erroris
516 2006 558 2061 sui
581 2007 758 2078 patrocinium
782 2006 940 2062 adserebant
954 2006 1077 2061 hudiani.
1109 2007 1170 2075 Quo

145 2092 173 2151 ia
195 2091 264 2146 libro
288 2100 419 2146 statutum
443 2098 501 2146 erat
523 2090 562 2145 uti
579 2091 680 2146 Pascha
704 2091 798 2146 eodem
822 2101 945 2164 tempore
971 2091 1169 2156 celebraretur,

145 2193 201 2250 quo
223 2175 290 2231 illud
311 2176 409 2231 fratres
432 2174 549 2240 obirent,
573 2176 618 2248 qui
642 2192 656 2230 e
679 2176 876 2232 circuncisione
899 2177 925 2231 in
946 2175 1083 2231 Christum
1106 2195 1170 2234 cre-

144 2262 278 2318 diderant.
310 2260 391 2316 Cuius
414 2260 477 2316 dicti
500 2261 663 2317 sententiam
686 2262 817 2316 eiusmodi
840 2279 901 2316 esse
918 2260 1051 2325 volebant,
1077 2271 1107 2317 ut
1123 2263 1170 2316 lu·
1236 2317 1239 2335 1

143 2346 221 2409 daico
245 2347 308 2409 ritu,
333 2347 385 2402 hoe
408 2354 450 2402 est
476 2348 512 2402 tt
536 2346 619 2409 Luna,
644 2346 787 2401 Christiani
810 2347 912 2402 Pascha
936 2347 1064 2401 haerent.
1094 2347 1170 2402 Cou-

144 2441 187 2488 tra
209 2449 279 2506 quos
297 2431 463 2504 Epiphanius
485 2431 563 2486 aliter
585 2431 724 2486 decretum
746 2432 872 2508 exponit3
884 2431 1022 2490 ⁴nimirum
1044 2431 1119 2504 pacis
1142 2441 1170 2487 et

145 2517 307 2582 concordiae
328 2516 419 2572 studio
442 2517 621 2572 constitutum
644 2515 677 2570 ab
695 2517 843 2589 Apostolis
868 2525 898 2572 ut
919 2515 1039 2588 quandiu
1063 2509 1091 2571 oi
1114 2512 1170 2588 ἐμ,

145 2596 304 2675 πὲρίτομοι
319 2600 462 2656 Christiani
479 2600 672 2674 Hierosolymis
695 2602 881 2674 praesiderent
904 2601 989 2674 tquod
1010 2590 1043 2656 ad
1059 2601 1169 2656 Adriani

145 2701 233 2757 nsque
262 2694 384 2757 tempora
409 2687 599 2758 perseveravit)
628 2685 660 2741 ab
685 2686 716 2741 iis
739 2704 773 2741 ne
796 2686 972 2741 dissentirent
994 2686 1107 2759 reliqui,
1137 2703 1169 2742 ac

146 2770 189 2826 vol
216 2768 375 2825 aberrantes
407 2778 590 2842 sequerentur
613 2770 704 2843 potius
732 2788 814 2846 quam
837 2771 972 2827 Ecclesiae
995 2771 1168 2827 concordiam

145 2854 292 2911 solverent.
321 2854 400 2909 hiltlit
423 2864 450 2910 et
467 2854 517 2909 alia
532 2855 663 2927 quaedam
680 2873 712 2911 ex
727 2855 822 2912 eodem
839 2856 1071 2912 Constitutionum
1083 2855 1168 2920 libro,

145 2957 215 3014 quae
237 2939 317 3012 paulo
341 2949 403 3012 post
425 2940 579 2995 viderimus.
609 2940 646 2995 lte
662 2941 825 3012 Apostolicis
839 2940 905 2997 iisce
921 2941 1169 3007 Constitutionibus

145 3024 297 3081 dubitatum
321 3042 335 3080 a
358 3025 495 3079 nonnullis
512 3025 650 3098 praefatur
665 3025 839 3098 Epiphanius.
870 3026 930 3093 Quo
945 3026 1041 3081 eodem
1057 3027 1168 3082 nomina

96 3165 120 3171 .,
145 3109 366 3169 circunleruntur
387 3109 466 3164 hodie
489 3109 516 3164 in
538 3118 601 3165 octo
623 3108 708 3164 lihros
731 3110 882 3176 distinctae,
906 3127 975 3185 quae
998 3110 1168 3184 aptioribus

145 3195 206 3260 iltis,
231 3211 261 3251 ac
284 3194 459 3250 nihilominus
482 3193 579 3257 dubiis,
604 3211 719 3268 quarum
741 3195 864 3251 meminit
879 3195 1054 3269 Epiphanius,
1077 3196 1169 3252 divor*

94 3293 192 3344 tersae
221 3280 353 3349 videntur.
400 3279 504 3335 Etenim
533 3279 652 3353 quinque
682 3296 713 3335 ex
742 3280 793 3336 illis
822 3281 973 3336 sententiae
996 3281 1049 3336 hoc
1071 3289 1169 3337 etse-

146 3366 241 3438 quonti
269 3367 356 3437 capite
385 3365 517 3428 citantur,
548 3381 617 3437 quae
640 3366 666 3420 in
689 3364 803 3438 vulgatis
827 3383 960 3438 nusquam
980 3366 1166 3438 reperiuntur,

146 3449 199 3504 imo
229 3466 292 3504 vero
320 3450 455 3506 contraria
483 3449 615 3524 quaedam
644 3450 670 3504 in
699 3450 730 3504 iis
759 3450 898 3524 leguntur.
942 3451 1008 3505 llam
1032 3453 1109 3514 5,16
1133 3451 1167 3506 da

146 3532 285 3592 Paschatis
313 3533 470 3592 celebritate
492 3534 664 3612 Catholieuru-
687 3535 784 3608 dogma
806 3536 946 3609 propalam
967 3535 1097 3601 choium,
1128 3536 1168 3591 uti

145 3625 210 3690 post
230 3618 438 3692 Aequinoctium
467 3619 643 3676 instauretur.
689 3620 756 3675 Tuan
785 3639 820 3677 ne
848 3638 910 3678 cum
930 3620 1037 3676 ludaeis
1059 3629 1166 3694 agatur.

69 3797 130 3908 'h
