2534 4154
138 312 198 376 iao
590 322 704 375 rnrxvn

135 499 192 561 quo
213 481 363 555 baptismus
386 479 430 536 dic
451 479 484 535 ab
506 479 626 536 Ecclesia
649 478 812 536 celebretur.
843 478 882 536 lle
904 496 959 555 quo
982 479 1041 538 vide
1056 481 1168 541 Perre.

135 566 206 625 tium
228 566 321 624 lib.1l
348 565 423 622 Com.
447 565 474 621 in
497 564 562 621 ban.
587 573 614 621 et
635 564 733 622 Baron.
756 565 784 621 in
806 566 876 621 dnn.

146 678 168 708 :-
222 654 325 710 4510.
356 643 404 707 διὸ
427 644 476 705 καὶ
499 645 531 707 ἐν
546 647 671 716 πολλοῖς
685 643 801 722 τόποις]
832 649 910 718 Quod
925 649 1024 707 horum
1040 651 1158 709 foebam

135 736 277 795 historiam
300 745 327 792 et
341 735 484 810 Epiphanii
504 735 586 791 fldem
607 735 635 791 ia
658 734 771 792 dubium
785 735 920 791 revocavit
935 733 1080 793 Calvinista
1095 737 1160 812 qui·

135 820 198 881 dam
225 838 346 895 nuperus
374 821 402 876 in
430 819 583 877 Casauboni
610 818 787 885 belensione,
820 819 884 877 lacit
910 819 1157 894 impudentissime.

134 891 192 965 δὀὐ
209 907 285 963 hune
305 905 447 983 Epiphanii
468 904 558 962 locum
580 903 704 978 pluribus
726 904 1050 962 illustravit-Herihertus
1066 907 1160 964 llosu-

38 1016 41 1021 ⁴
135 991 233 1049 vendas
255 1000 351 1048 noster
370 991 399 1046 in
414 989 524 1047 Talione
546 999 641 1047 contra
657 987 855 1055 casaubonum,
879 1006 895 1046 a
916 1007 971 1064 quo
992 990 1092 1049 iniuria
1105 1009 1159 1050 no·

135 1083 209 1134 tatus
231 1085 290 1133 erat
311 1075 511 1133 lllustrissimns
533 1075 675 1131 Annalium
698 1075 831 1133 conditor.

162 1206 165 1211 .
189 1206 192 1211 .
221 1163 282 1220 452
298 1179 322 1218 a.
351 1157 444 1218 Κανᾶ
464 1154 524 1238 γὰρ
545 1150 751 1237 ἑρμηνεύεται]
781 1157 911 1216 Vocabuli
925 1159 1006 1217 huius
1022 1161 1160 1237 originem

134 1262 154 1303 a
173 1245 255 1303 verbo
279 1259 340 1324 nep
363 1245 481 1311 deducit,
508 1244 581 1319 quod
603 1245 744 1316 possidere
765 1244 907 1319 significet.

145 1334 157 1351 ·“
221 1333 283 1390 452
300 1332 326 1388 d.
356 1324 466 1408 φάσκει
487 1323 579 1385 πάλιν
600 1321 616 1386 ὃ
638 1325 782 1402 Λουκᾶς]
814 1329 956 1398 Quomodo
978 1345 1040 1387 cum
1062 1341 1159 1390 caete·

135 1415 175 1473 ris
195 1415 372 1490 Evangelistis
388 1417 502 1472 loannes
524 1414 687 1480 consentiat,
712 1432 745 1471 ex
767 1431 800 1471 eo
823 1413 940 1480 deducit,
964 1415 1038 1490 quod
1052 1416 1160 1475 Pascha

134 1501 262 1577 primum,
285 1502 358 1557 loan.
376 1503 393 1558 2
417 1501 518 1557 diserte
539 1500 708 1556 nominatum
729 1499 762 1556 ab
778 1500 836 1556 aliis
851 1516 1010 1572 expressum
1025 1501 1070 1568 sit,
1094 1519 1159 1560 oum

135 1585 247 1643 Sabbati
262 1586 455 1659 Deuteroproti
476 1585 642 1642 mentionem
663 1585 774 1642 faciunt.
804 1584 862 1641 lloc
877 1584 950 1640 enim
963 1595 1028 1658 post
1041 1587 1159 1660 primam

134 1672 298 1746 Azpmorum
325 1670 427 1726 incidit
472 1669 617 1726 Historiam
648 1670 784 1727 vulsarum
812 1669 948 1743 spicarum
976 1670 1009 1727 ad
1038 1672 1159 1744 primum

134 1754 240 1812 Pascha
261 1756 359 1811 merito
381 1755 465 1810 refert
478 1754 660 1828 Epiphanius,
684 1773 718 1812 ex.
738 1755 792 1812 fine
814 1771 872 1827 cap.
896 1754 978 1810 huius
1002 1755 1159 1832 intelligere

134 1849 225 1914 petes,
248 1840 322 1914 quod
345 1849 387 1896 est
404 1839 566 1896 Harmoniae
587 1857 670 1913 supra
691 1857 707 1895 a
728 1839 807 1897 nohis
830 1839 986 1912 propositae
1008 1850 1160 1919 consentu*

37 1919 39 1923 ’
135 1940 227 1980 neum.
273 1925 328 1979 lam
355 1940 419 1979 vero
449 1940 481 1981 ex
509 1924 560 1981 hac
588 1934 759 1981 caeterorum
782 1923 975 1996 suffragatione
995 1925 1156 2000 Alogornm,

135 2007 382 2083 Valentinianorum
411 2025 441 2064 ae
463 2016 634 2064 caeterorum
655 2009 824 2066 mendacium
847 2009 994 2076 convincit,
1024 2011 1072 2085 qui
1093 2013 1159 2068 uni-

135 2109 199 2168 cum
220 2092 349 2149 duntaxat
372 2092 478 2149 Christo
501 2093 604 2149 Pascha
625 2093 779 2151 tribuerint.
825 2093 891 2150 Cum
914 2094 986 2150 enim
1008 2110 1071 2152 eum
1092 2106 1158 2173 post

134 2176 253 2253 primum
268 2176 372 2235 Pascha
394 2177 489 2234 vixisse
512 2187 539 2234 et
560 2195 610 2251 per
632 2188 689 2234 sata
704 2179 843 2236 transiisse
859 2187 976 2245 constet,
998 2179 1098 2236 falsum
1114 2190 1158 2239 est

134 2280 191 2323 uno
213 2262 345 2320 Paschate
367 2260 411 2320 re's
434 2262 467 2319 ab
491 2280 523 2320 eo
545 2270 637 2337 gestas
659 2262 835 2320 circunscribi
857 2262 966 2321 debere.

217 2343 270 2405 ‘lvo
292 2343 375 2426 δείξῃ
397 2341 558 2422 σάββατον
578 2348 712 2424 πρῶτον]
752 2349 790 2405 lle
813 2348 931 2406 Sabbato
954 2347 1158 2425 Deuteroproto

134 2434 195 2491 vide
217 2451 286 2506 quae
308 2433 341 2490 ad
357 2432 436 2490 Haer.
455 2436 503 2500 30,
520 2435 558 2492 32
582 2433 790 2507 disputavimus:
814 2452 876 2490 nam
897 2433 944 2490 illo
958 2433 1019 2490 loeo
1035 2435 1159 2510 priorem

134 2518 277 2593 llpiphanii
300 2520 462 2576 sententiam
481 2511 632 2592 etquidem
648 2519 858 2593 probabiliorem
873 2519 1057 2592 exposuimus.
1081 2520 1158 2590 Quae

134 2610 226 2659 autem
248 2604 301 2659 hoc
322 2604 350 2659 in
372 2621 486 2660 numero
510 2604 625 2661 traditur
647 2603 790 2661 obscurior
812 2613 854 2660 est
875 2613 904 2660 et
925 2621 1017 2660 avera
1030 2606 1158 2663 vocabuli

134 2684 207 2744 illins
231 2687 335 2758 origine
366 2704 398 2743 ao
419 2689 530 2744 notione
552 2689 692 2745 remotior.
732 2689 836 2762 Duplex
856 2689 928 2763 apud
949 2689 1062 2745 ludaeos
1085 2690 1160 2748 Sab-

134 2770 192 2828 bau
220 2787 306 2845 genus
336 2773 487 2828 constituit.
532 2773 620 2829 Unum
649 2773 786 2848 antiquius
809 2782 837 2830 et
858 2773 995 2840 naturale,
1024 2775 1099 2850 quod
1122 2775 1158 2833 ab

134 2868 226 2913 rerum
252 2855 329 2910 initio
350 2855 488 2912 conditum
512 2866 562 2922 est,
586 2859 701 2914 alterum
723 2858 873 2914 secundum
890 2868 918 2915 et
931 2859 1093 2934 posteriona’s
1109 2878 1160 2918 on·

135 2940 214 3005 dmin,
238 2940 301 3014 quia
322 2940 413 2996 ludaei
433 2941 502 2997 festa
524 2943 613 2998 omnia
635 2942 752 2999 Sabbata
773 2943 920 3009 vocabant,
947 2943 1020 3017 quod
1042 2962 1058 3001 e
1079 2945 1160 3002 Scri-

133 3034 215 3103 ptura
236 3024 413 3082 demonstrat.
445 3025 505 3082 blox
526 3043 589 3082 vero
613 3027 735 3083 subiicit:
759 3023 802 3094 εἰς
824 3022 858 3084 δὲ
872 3019 1080 3107 ἕπτὰῆμέρας
1094 3025 1161 3088 πάι

134 3109 184 3168 λιν
203 3103 467 3184 ἀνακυκλούμενον
488 3105 630 3188 δεύτερον
651 3111 786 3168 καλεῖται
807 3116 940 3191 πρῶτον.
983 3113 1022 3170 Ex
1044 3114 1156 3188 quibus,

135 3204 174 3252 ut¹
188 3205 216 3252 et
238 3212 270 3252 ex
291 3190 469 3269 sequentibus
491 3196 536 3252 illa
557 3196 700 3270 Epiphanii
721 3199 855 3255 sententia
877 3199 1015 3273 posterior
1035 3200 1155 3267 elicitur,

134 3279 284 3338 Sabbatum
316 3281 536 3354 Deuteroproton
565 3299 625 3338 esse
654 3283 851 3350 Pentecosten,
881 3284 909 3340 in
937 3299 990 3360 qua
1012 3279 1158 3364 δεύτερον

133 3364 201 3421 illud
215 3365 362 3422 Sabbatum
384 3369 507 3444 πρῶτον
527 3368 688 3442 appelletur.
719 3367 773 3423 Cur
794 3377 884 3425 autem
908 3362 1157 3448 deovapdopcutov

134 3449 241 3516 dicitur,
265 3451 332 3507 nihil
355 3461 479 3525 apertum
501 3469 532 3508 ae
553 3453 684 3526 liquidum
707 3470 739 3508 ex
753 3453 895 3528 llpiphanii
916 3453 1006 3510 verbis
1022 3455 1159 3512 extricare

133 3542 255 3607 poesim,
279 3535 326 3592 sed
348 3536 392 3592 illa
407 3537 552 3594 blaldonati
571 3537 691 3611 opinioni
706 3538 770 3595 huic
784 3540 922 3613 aptissima
936 3539 1057 3607 videtnr;
1081 3556 1157 3614 quo-

133 3608 204 3674 aab
226 3635 258 3675 ex
279 3619 413 3694 primariis
436 3622 523 3680 tribus
546 3622 632 3690 lestis,
659 3623 714 3681 sive
737 3623 871 3690 sabbatis,
894 3626 1067 3700 haymorum,
1090 3625 1156 3683 Pri-
