2534 4154
486 113 777 171 inruanueustones.
1081 102 1142 167 lo'l

97 268 329 331 &audone
344 269 456 343 copiose
480 270 609 327 uadltnm
637 278 695 334 est,
723 269 791 327 lalsa
818 270 886 327 haec
909 284 990 336 maa,
1017 287 1088 346 quae
1110 271 1145 330 de

99 355 211 415 kn-
229 354 360 413 dicantus
379 354 485 421 omnia,
514 364 543 413 et
564 373 597 413 ex
618 355 761 428 Epiphanii
781 354 992 413 hallucinatione
1012 357 1144 431 prolecta,

100 442 166 516 qui
192 439 404 512 Aequinoctium
424 456 440 496 a
460 439 528 496 XXV
548 439 635 495 llartii
662 440 696 496 ad
710 440 799 506 ·XXll;
823 440 1003 497 Plenilunium
1024 457 1089 498 vero
1110 441 1145 499 ab

100 527 222 584 eadem
244 525 310 580 XXV
332 524 375 580 die
397 542 429 581 ex
450 524 565 581 Nicuena
587 525 711 587 formula,
734 525 777 581 vel
797 526 889 599 potius
912 527 1018 582 aXXVl
1033 527 1148 599 perinde

100 613 149 669 ad
178 611 224 669 22
247 609 424 666 transtulerit.
455 610 514 679 Quo
536 610 635 682 posito,
660 609 801 682 Gyclorum
824 611 943 666 omnium
965 629 996 668 ac
1018 611 1147 671 leriamm

103 697 262 754 rationem
284 695 455 767 permiscuit:
479 709 548 767 qnae
570 711 688 767 quonam
710 703 789 768 pacto
812 696 911 769 corrigi
932 705 1047 768 possent
1067 706 1095 753 et
1117 699 1145 755 in

66 834 73 839 .
103 783 197 838 viam
219 778 253 836 ab
276 796 369 835 errore
391 779 497 846 deduci,
521 796 603 852 supra
625 778 827 836 declaravimus.
857 781 941 853 Igitur
963 797 996 836 ex
1010 790 1051 838 tot
1067 799 1146 840 erro-

103 882 186 924 rum
211 865 378 937 argumentis
400 873 462 921 nata
484 874 528 920 est
549 865 643 921 vitiosa
665 864 710 920 illa
731 866 797 921 leria
814 881 885 922 auno
901 865 1003 922 luliano
1021 869 1069 932 76,
1093 869 1147 925 hoc

104 961 164 1009 eet
192 949 331 1006 bominiea
353 949 440 1005 llartii
461 950 538 1013 XXll,
561 967 623 1005 cum
645 967 738 1005 revera
761 959 834 1006 esset
855 950 921 1006 leria
943 950 973 1006 V.
1010 943 1147 1030 Ἐπιφώ-

104 1050 247 1094 σκουσα
267 1051 333 1107 ergo
356 1025 483 1110 κυριακὴ
504 1035 606 1090 Lunam
629 1034 723 1089 habuit
736 1034 781 1090 XV
803 1035 934 1090 diurnam.
965 1035 1013 1090 Hic
1028 1030 1148 1112 ἕπιφώ·

104 1120 377 1192 uacovuepruprie
399 1120 523 1175 sumitur.
555 1119 660 1192 Quippe
675 1120 742 1175 XXll
765 1120 807 1175 die
829 1119 861 1175 ab
885 1128 948 1175 ortu
963 1120 1033 1175 Solis
1055 1124 1147 1194 coepit

108 1206 165 1263 XV
193 1204 304 1260 diurna:
334 1203 405 1260 unde
426 1197 552 1279 ἡμερινὴ
575 1222 626 1277 pro
647 1198 803 1280 νυκτερινὴ
826 1204 1025 1261 substituimus.
1070 1206 1147 1262 Alio-

107 1291 193 1365 quin
214 1280 235 1364 ἦ
256 1283 385 1366 neptune)
407 1289 451 1344 XV
472 1281 627 1364 νυκτερινὴ
649 1289 702 1344 dici
724 1299 829 1362 potest,
859 1291 882 1345 si
904 1290 962 1345 eius
983 1289 1089 1346 initium
1112 1290 1146 1347 ab

110 1375 305 1433 antecedente
333 1383 414 1430 nocte
441 1381 591 1447 reputatur.
636 1374 729 1447 Neque
756 1392 805 1431 vor
828 1367 1046 1452 ἕπιφώσκουσα
1067 1376 1167 1450 quic··

112 1476 209 1535 quam
232 1459 336 1523 obstat,
366 1476 436 1530 quae
456 1475 589 1532 persaepe
612 1458 644 1514 de
666 1460 840 1516 illucescente
863 1461 920 1523 die,
950 1477 1146 1535 nonnunquam

114 1554 149 1603 et
173 1545 213 1602 dc
234 1544 287 1600 diei
308 1544 415 1600 ludaico
438 1544 580 1617 principio,
604 1544 660 1599 sive
683 1553 763 1601 nocte
786 1545 963 1601 antecedente
978 1546 1049 1601 solet
1063 1562 1148 1602 usur-

115 1630 195 1704 pari.
239 1629 299 1684 Non
320 1629 395 1703 quod
416 1629 461 1684 lua
483 1629 572 1701 eliqua
598 1629 653 1685 sive
675 1630 782 1690 lunae.
812 1629 867 1686 sive
890 1630 1028 1686 stellarum
1051 1631 1147 1688 saltem

115 1716 219 1772 oriens
240 1722 381 1786 utcunque
403 1714 473 1769 diem
495 1714 665 1786 auspicetur,
688 1715 762 1787 qued
785 1714 959 1772 Casaubonus
982 1715 1008 1770 in
1030 1716 1146 1775 llxercit.

123 1803 177 1865 16,
199 1801 236 1855 15
260 1815 352 1853 verum
375 1799 518 1863 existimat,
542 1807 572 1854 ut
594 1816 655 1854 cum
677 1800 763 1856 Lucas
785 1801 822 1856 ait
845 1802 894 1865 23,
914 1804 968 1865 543
991 1795 1041 1857 uni
1065 1796 1148 1874 σάβ-

118 1884 226 1956 βατον
247 1877 411 1961 indemnes,
433 1885 471 1940 sic
494 1884 679 1956 accipiendum
702 1885 745 1950 sit,
770 1894 800 1941 ut
823 1889 845 1942 sl
868 1886 987 1951 dixisset,
1012 1881 1063 1940 καὶ
1079 1882 1147 1944 ἐπέ-

120 1985 250 2048 φωσκεν
270 1960 288 2042 ἡ
312 1961 420 2042 σελήνη
442 1961 461 2043 ἡ
486 1960 604 2043 ἄγουσα
625 1963 660 2026 τὸ
682 1963 852 2043 σάββατον.
893 1971 964 2028 llaec
987 1972 1058 2027 enim
1081 1989 1147 2028 sen-

120 2054 212 2111 tentia
240 2052 410 2110 subabsurda
437 2063 465 2110 et
491 2070 689 2126 supervacanea
710 2055 824 2112 videtur.
870 2055 967 2110 Verum
990 2056 1148 2127 simpliciter

121 2148 155 2196 et
182 2138 258 2195 nullo
287 2139 338 2194 alio
367 2138 511 2194 subaudita
540 2132 722 2215 dneqciuueev
751 2149 793 2195 est
821 2148 968 2211 appetere,
999 2141 1041 2196 vel
1061 2143 1145 2207 inire,

120 2226 290 2281 adventure.
320 2223 378 2279 lloc
399 2232 490 2278 autem
513 2239 546 2278 ex
567 2239 599 2278 eo
623 2233 716 2279 natum
735 2224 860 2286 arbitror,
884 2224 957 2296 quod
973 2242 1034 2280 cum
1050 2226 1145 2298 prima,

122 2326 158 2366 ac
180 2316 293 2364 naturae
315 2309 428 2364 maxime
451 2317 634 2363 consentanea
654 2308 707 2363 diei
729 2307 873 2380 appellatio
895 2309 983 2364 lucem
1002 2310 1146 2383 significet,

123 2403 268 2466 tempusve
290 2392 324 2448 ab
347 2402 409 2449 ortu
431 2392 501 2448 Solis
524 2392 557 2448 ad
579 2409 714 2457 occasum,
738 2392 885 2467 pleraeque
905 2403 1000 2466 postea
1023 2396 1147 2454 nationes

124 2478 207 2534 variis
229 2486 383 2550 temporum
405 2477 488 2533 initiis
511 2478 666 2534 constitutis
688 2478 760 2534 diem
776 2478 951 2535 nihilominus
976 2481 1149 2555 appellarunt

124 2563 246 2638 spatium
266 2562 333 2620 illud
354 2563 501 2636 temporis,
525 2564 598 2638 quod
620 2563 653 2619 ab
677 2580 710 2619 eo
733 2572 850 2636 puncto,
874 2566 946 2637 quod
968 2566 1020 2623 sibi
1042 2576 1148 2625 statue-

125 2658 204 2714 rant,
231 2649 264 2705 ad
286 2648 357 2705 idem
379 2656 512 2721 punctum
534 2648 688 2705 revolvitur.
733 2649 821 2718 Quare
844 2659 874 2706 ut
896 2650 924 2705 in
954 2653 1081 2724 primaria
1102 2654 1148 2709 illa

125 2750 158 2790 ac
180 2732 297 2807 naturali
319 2732 371 2788 diei
393 2734 505 2790 notione
527 2726 709 2811 ἐπιφώσκειν
730 2735 841 2808 proprie
863 2735 920 2791 dies
944 2736 1049 2802 dicitur,
1073 2737 1148 2809 quod

126 2819 187 2875 eius
209 2818 285 2874 initio
302 2817 350 2874 Sol
372 2818 467 2878 oritur.
491 2827 522 2874 ut
544 2827 571 2874 et
592 2812 701 2895 ἡμέρα,
724 2813 785 2877 ἀπὸ
808 2822 862 2894 τῆς
882 2813 973 2896 ἠοῦς,
996 2822 1032 2876 ita
1054 2829 1147 2878 trans-

125 2903 188 2960 latis
210 2902 243 2958 ad
265 2903 384 2975 reliquas
404 2903 504 2959 formas
527 2903 579 2960 diei
601 2905 837 2978 appellationibus,
860 2906 931 2962 idem
953 2905 1006 2962 linc
1029 2921 1147 2977 usurpa-

127 2996 187 3044 tum
208 2987 277 3044 initii
297 2987 463 3044 uocabulum·
481 2997 532 3053 est,
556 2990 608 3045 etsi
629 2991 718 3046 minus
740 3008 821 3065 quam
845 2990 899 3047 illic
920 2991 1040 3063 proprie.
1085 2989 1199 3051 Sivel88

125 3072 210 3146 igitur
232 3089 247 3128 a
269 3073 355 3129 media
378 3082 473 3139 nocte,
497 3074 552 3129 sive
574 3091 589 3129 a
611 3075 731 3141 meridie,
754 3076 810 3131 sive
832 3074 865 3130 ab
881 3074 958 3130 initio
972 3074 1070 3139 noctis,
1093 3074 1148 3132 diei

126 3165 268 3231 repetatur
289 3158 441 3224 exordium,
465 3152 647 3236 ἕπιφώσκειν
668 3159 769 3233 ubique
791 3159 858 3223 dies,
885 3159 939 3214 lroc
960 3167 1003 3214 est
1023 3159 1147 3217 inchoari

127 3249 155 3298 et
176 3243 246 3299 inire
267 3242 426 3316 simpliciter
448 3243 561 3300 dicetur.
592 3244 823 3312 Quemadmodum
838 3237 1003 3316 νουμηνίας
1016 3262 1066 3300 vnn
1083 3236 1148 3302 cum

126 3337 283 3385 nascentem
305 3328 408 3384 Lunam
430 3329 539 3401 proprie
562 3329 709 3402 significet,
729 3328 771 3383 ud
794 3328 882 3384 omnia
904 3328 1038 3385 mensium
1060 3330 1144 3398 initia,

127 3413 207 3471 etiam
229 3413 505 3478 minimeLunarium,
528 3414 700 3479 transfertur,
723 3422 789 3486 puta
810 3413 1018 3471 tricenariorum
1040 3424 1068 3473 et
1089 3420 1146 3474 de·
