2534 4154
491 338 529 386 au
550 337 743 388 tununtuuu.
1066 325 1125 386 337

116 491 344 564 interpretandum
367 487 493 547 arbitror.
523 489 653 545 Nimirum
676 490 772 546 isidem
789 490 899 546 Osiridis
923 493 1064 565 coniugem
1087 493 1129 549 al-

115 576 198 631 terius
226 575 315 632 iratris
344 591 436 631 amore
463 584 567 649 raptam
590 575 688 638 luisse,
717 575 783 632 adeo
806 584 835 631 ut
858 575 962 641 Horas,
993 595 1073 650 quem
1096 595 1129 633 ex

115 659 218 716 Osiride
240 669 379 732 genuerat,
406 658 543 716 dubitaret
564 668 626 716 utro
648 669 761 732 parente
783 670 862 716 natus
886 671 973 726 esset,
997 662 1128 760 Typhone

115 761 147 800 an
177 745 290 800 Osiride
335 745 429 818 Corrig
431 745 529 800 entium
565 745 671 816 itaque:
708 738 758 799 καὶ
787 737 882 811 evole
908 740 965 819 μὲν
993 739 1035 812 ὡς
1055 731 1129 831 Ῑσις

114 824 216 901 ἐρῶσα
244 831 299 885 τοῦ
327 825 407 887 tdtav
436 821 530 903 αὐτῆς
557 822 711 905 ἀδελφοῦ,
740 847 813 895 τους
834 821 945 898 άλὶοος
967 823 1045 888 κατὰ
1068 835 1130 888 τῶν

114 909 200 968 ἰδίων
221 904 364 990 ἀδελφῶν
384 910 603 991 στρατεύουσα.
634 915 690 969 Ηοο
709 923 765 969 est:
789 917 914 986 euempio
929 933 981 972 suo
996 917 1127 973 mulieres

112 1000 238 1070 reliquas
258 999 402 1064 hortatur,
425 1006 454 1053 ut
475 1000 581 1071 [ratres
602 1016 667 1054 suos
690 1007 797 1063 affinem
827 1001 1051 1071 quemadmodum
1075 1001 1128 1058 Το-

113 1084 251 1139 rentianus
272 1083 316 1139 ilie
332 1083 464 1141 Chaereas
487 1084 609 1156 exemplo
633 1084 700 1139 iovis
724 1084 754 1140 ad
770 1093 897 1157 stuprum
913 1085 1048 1142 inuitatur.

195 1180 245 1241 καὶ
266 1177 309 1261 μὴ
332 1177 530 1263 ἀρνουμένης]
563 1185 623 1240 Cor.
648 1177 846 1262 ἀρκουμένης.

199 1290 254 1344 107
272 1304 296 1343 e.
328 1282 377 1342 uui
400 1283 431 1344 ἐν
448 1278 549 1364 Τύρῳ
570 1279 776 1358 πορνεύσασα]
807 1286 872 1342 Nam
895 1285 944 1342 isis
968 1288 1061 1343 eadem
1083 1297 1126 1346 at-

112 1389 164 1444 que
188 1373 217 1426 lo
241 1371 351 1433 eredita,
375 1389 444 1445 quae
467 1370 678 1426 aPhoenicibus
701 1371 816 1428 abducta
839 1372 865 1426 in
880 1372 1032 1445 Aegyptum
1048 1381 1126 1445 post·
1162 1389 1164 1393 ·

111 1474 140 1511 ea
163 1456 356 1530 proficiscitur.
387 1456 540 1512 Herodotus
563 1455 609 1511 iih.
623 1459 647 1512 1.

193 1551 327 1632 Σέραπίν
347 1575 378 1614 τε
400 1551 454 1615 τὸν
468 1543 567 1631 Ἆπιν]
591 1557 655 1612 Vide
670 1558 814 1630 Angustia.
832 1557 864 1612 de
881 1555 956 1613 Civit.
973 1557 1019 1614 lini
1041 1561 1085 1623 18,
1097 1562 1175 1616 5374
1233 1602 1248 1627 .,

109 1643 162 1697 Sed
185 1642 314 1716 imprimis
338 1643 419 1698 illem.
443 1643 516 1698 Alex.
540 1643 565 1697 in
588 1643 773 1715 Protreptieo‚
805 1641 850 1696 ulti
872 1641 983 1716 Sarapin
1007 1660 1020 1698 a
1044 1643 1126 1701 Sino-

109 1725 238 1800 pensibus
255 1726 411 1784 Ptolemaeo
427 1727 601 1801 Philadelpho
625 1726 736 1780 missum
760 1726 936 1802 assemsum,
959 1736 989 1783 ut
1015 1737 1042 1784 et
1058 1728 1124 1785 Plu-

108 1813 194 1868 tarch.
218 1812 305 1867 Tuam.
329 1812 361 1867 de
384 1812 419 1867 is.
443 1821 469 1867 et
492 1812 560 1867 Osir.
585 1809 772 1866 consulendus
787 1811 875 1867 etiam
897 1811 1016 1886 Scaliger
1037 1813 1070 1868 ad
1091 1817 1123 1870 A.

107 1895 216 1953 Eusebii
242 1899 330 1954 1730.

196 2000 252 2057 108
269 2015 293 2055 r.
323 1992 355 2056 ἓν
374 1991 471 2077 πλοίῳ
492 1989 668 2077 παρασήμῳ
690 1987 782 2076 ἀετῷ]
824 1996 868 2053 Sic
890 1997 1022 2056 Eusebius
1052 2016 1122 2056 anno

108 2087 168 2142 634
196 2101 288 2141 navem
318 2083 404 2149 iilam,
434 2100 485 2156 qua
507 2083 622 2138 Phrixus
651 2099 712 2138 cum
734 2081 810 2138 Helle
838 2099 932 2139 sorore
955 2093 1047 2139 vectus
1071 2093 1121 2150 est,

107 2170 217 2224 arietem
240 2170 360 2243 insigne,
384 2186 432 2225 seu
454 2161 640 2244 παράσημον
662 2167 789 2224 habuisse
812 2166 885 2222 dicit.
917 2168 1002 2236 Quem
1025 2169 1057 2222 ati
1079 2168 1123 2224 lo·

107 2269 168 2308 cum
190 2254 247 2308 uide
270 2272 338 2326 quae
361 2253 480 2325 Scaliger
502 2253 646 2309 adnotavit.

195 2353 294 2411 ihSd.
325 2345 391 2410 ὁδ’
415 2343 507 2416 ἄλλος
527 2340 719 2426 πατριάριος]
750 2351 824 2408 idem
853 2344 1151 2431 8111Λατιάριος.

107 2437 265 2503 emendavit,
288 2454 369 2512 quem
392 2445 421 2492 tu
443 2435 554 2491 consule
577 2435 609 2490 ati
632 2436 662 2489 A.
681 2436 751 2493 876.

194 2526 292 2580 ilde
322 2516 463 2586 οὖντοῖς
484 2514 651 2599 διακοσίοις
672 2513 846 2594 δεκαπέντε]
878 2519 950 2577 liaeo
972 2522 1025 2578 duo
1041 2539 1122 2578 voca·
1126 2506 1133 2522 ’

106 2605 178 2672 bula,
202 2610 293 2664 τοῦτο
312 2599 437 2680 imoritp,
459 2622 583 2661 maneum
606 2622 667 2661 esse
682 2605 772 2662 locum
789 2605 915 2663 indicant.
945 2606 1010 2662 Nam
1026 2624 1040 2661 a
1056 2625 1122 2680 pro·

106 2693 188 2748 misso
211 2693 311 2757 isaaco,
335 2692 388 2746 sive
410 2690 443 2745 ab
467 2707 537 2746 anno
560 2689 684 2746 Aitraaml
708 2693 746 2748 75
769 2690 801 2746 ad
824 2701 914 2748 ortum
935 2691 1043 2766 losepiti
1065 2709 1120 2748 non

106 2787 171 2834 sunt
192 2778 255 2833 anni
279 2779 348 2840 215,
373 2775 420 2831 sed
449 2777 504 2831 175
527 2775 643 2831 circiter.

195 2865 251 2920 114
268 2862 294 2917 d.
323 2855 373 2917 καὶ
396 2852 492 2926 εὐθὺς
512 2853 568 2933 μὲν
589 2852 616 2917 o‘
640 2853 812 2932 leuandae]
852 2860 918 2917 Cum
940 2862 1024 2918 lixodi
1046 2863 1118 2919 e.i2

106 2957 228 3023 tempus,
254 2965 309 3021 quo
330 2946 466 3003 israelitae
488 2945 513 3000 in
537 2947 660 3018 Aegypto
682 2945 845 3018 peregrinati
868 2956 948 3011 sunt,
971 2947 997 3001 in
1020 2946 1119 3002 Latinis

105 3033 288 3106 Hebraeisque
316 3031 454 3089 codicibus
476 3029 620 3087 definiatur
640 3046 773 3086 annorum
797 3033 873 3094 430,
902 3047 934 3086 ex
955 3030 1118 3087 Graecorum

105 3119 269 3173 authoritate
297 3118 435 3174 commoda
465 3124 507 3172 est
533 3116 720 3188 interpretatio
743 3114 831 3171 verbis
853 3113 904 3170 iliis
926 3114 1061 3178 adhibita,
1090 3125 1120 3173 ut

107 3218 160 3256 non
183 3202 283 3275 piures,
307 3219 386 3276 quam
409 3202 472 3258 anni
496 3203 566 3266 215,
590 3217 604 3255 a
626 3200 793 3273 proiectione
815 3199 903 3255 laeohi
926 3199 952 3254 in
967 3202 1118 3272 Aegyptum

106 3285 138 3340 ad
162 3289 344 3358 egressionem
368 3286 490 3360 imputati
513 3287 576 3342 sint.
616 3286 676 3342 Tuti
698 3301 761 3341 vero
783 3284 821 3340 illi
844 3287 904 3341 430
927 3283 960 3340 ah
983 3302 1054 3340 anno
1079 3288 1117 3343 75

105 3369 229 3425 Altraami
258 3370 438 3426 deducuntur.
481 3372 586 3427 Etenim
615 3388 685 3425 anno
712 3369 837 3426 Ahraami
861 3372 898 3427 75
928 3371 1077 3442 promissus
1102 3387 1117 3427 a

105 3453 161 3510 lieo
183 3455 354 3511 Patriarrhae
376 3455 447 3512 iilius
469 3465 525 3521 est,
554 3455 600 3528 qui
629 3473 699 3512 anno
722 3455 846 3510 Ahraami
867 3455 1015 3511 centesimo
1038 3464 1117 3513 natus

105 3548 156 3595 est.
186 3540 225 3595 ita
250 3541 288 3597 25
312 3540 363 3595 iam
386 3540 447 3596 anni
470 3541 643 3614 colliguntur.
673 3542 780 3597 isaacus
802 3556 872 3595 anno
894 3540 989 3596 aetatis
1013 3542 1051 3597 60
1074 3539 1118 3596 ia-

107 3624 205 3682 cohum
227 3624 331 3699 genuit.
360 3626 385 3682 is
407 3642 507 3681 annum
528 3643 612 3699 agens
632 3629 698 3692 130,
721 3636 753 3682 ut
773 3626 831 3700 ipse
847 3624 979 3680 Pharaoni
1002 3634 1116 3682 testatus

154 3721 297 3776 Epiphanius.
318 3719 341 3762 V.
936 3723 969 3775 ῃ
