2534 4154
433 329 722 381 nurnnovnasroncs.
921 302 923 305 ’
1047 317 1089 380 67

156 487 195 544 83
213 503 236 542 c.
267 483 373 557 ααββᾶ
394 478 453 562 γὰρ
476 475 685 563 ἑρμηνεύεται]
710 487 773 542 Tam
789 486 919 542 Hebraico
942 504 1022 559 qnam
1038 488 1091 562 Sy-

70 572 140 629 riace
162 569 368 627 tabernaculum
391 578 418 625 et
439 570 570 626 fornicem
593 569 740 643 significat:
763 589 815 628 nec
837 589 892 628 non
908 581 935 628 et
950 571 1091 645 prostibu-

70 656 123 713 lum
146 673 179 712 ac
201 657 323 728 lupanar.
359 655 469 711 Numer.
493 673 603 728 quoqne
627 657 676 721 25,
695 659 712 715 8
735 658 800 712 Lllll
821 649 944 733 μήτραν
965 657 1092 713 reddide-

70 752 142 801 runt.
190 741 265 797 Unde
290 749 317 795 et
338 734 481 816 πορνείας
502 740 644 813 stuprique
666 742 751 799 notio.
794 736 995 818 φονοκτονιάν
1016 760 1090 809 vero,

70 830 122 884 sive
146 825 320 900 parricidium
343 841 476 896 nusquam
499 825 591 898 legere
606 827 724 882 memini.
766 826 896 900 Suspicor
911 827 1091 901 Epiphaniam

70 927 134 990 unp
159 921 287 983 tanquam
311 926 325 964 a
348 922 406 1010 ³¹7²,
427 910 576 966 derivatum
599 912 745 983 accepisse,
770 912 842 985 quod
866 922 907 968 est
929 912 1077 985 perforare.

157 997 241 1054 83d.
271 985 425 1070 ἀγώγιμόν
446 1014 474 1051 τι
496 992 628 1069 ποίημα]
668 995 813 1053 Cornarius
837 999 958 1053 illiciens
980 997 1091 1052 Poimo.

68 1072 235 1159 Ἀγώμμον
257 1089 298 1135 est
321 1080 393 1152 quod
415 1080 564 1145 advehitur,
588 1090 635 1136 ant
649 1081 820 1155 importatur.
851 1083 906 1138 Nos
922 1084 1093 1139 adscititium

70 1185 98 1224 cx
122 1165 263 1225 communi
285 1173 421 1238 potestate
444 1165 618 1238 interpretari
639 1167 791 1222 maluimus
837 1168 994 1242 Quanquam
1016 1186 1043 1222 n.
1055 1172 1091 1224 17

70 1271 94 1327 p
106 1255 169 1310 too
189 1241 346 1325 ἀγώγιμον
358 1247 486 1322 μῦθον
479 1268 506 1305 m
523 1251 606 1323 priori
622 1250 666 1307 illa
683 1252 779 1308 Corna.
795 1253 908 1308 notione
924 1260 1081 1325 usurpatur.

157 1338 238 1394 aaa.
276 1328 361 1411 παρὰ
390 1329 426 1390 δέ
449 1354 509 1390 τισι
532 1329 622 1412 φύσει
644 1331 867 1414 Βορβοριανοΐ]
905 1336 1093 1393 Theodoretus

71 1421 254 1484 Barheliotas,
284 1421 338 1475 sive
360 1420 541 1476 Borboriauos
570 1431 660 1477 certos
682 1421 838 1478 haereticos
868 1421 1012 1495 separatim
1035 1438 1095 1477 me-

72 1515 168 1571 morat,
195 1522 263 1578 quos
287 1514 314 1560 et
335 1505 465 1561 Naasinos
488 1514 516 1560 et
533 1506 713 1563 Stratioticos
727 1515 754 1562 et
769 1506 944 1563 Phebionitas
966 1506 1092 1579 appellat,

73 1610 140 1666 quae
164 1599 231 1646 sunt
246 1590 436 1646 Gnosticorum
452 1590 589 1647 vocabula.
619 1591 696 1660 Quod
718 1593 750 1648 ad
765 1609 857 1648 vocem
874 1592 970 1647 attinet
985 1584 1094 1661 zodici,

72 1685 169 1735 notant
193 1688 294 1752 harpa:
319 1692 379 1730 esse
401 1675 551 1740 scutellam,
575 1675 615 1731 vel
638 1686 770 1733 craterem
792 1686 951 1733 testaceum.

160 1762 241 1819 aaa
271 1754 408 1816 τουτέστι
431 1761 475 1816 τοῦ
493 1751 611 1839 χρόνῳ]
648 1762 749 1817 Locum
780 1780 811 1817 ex
840 1763 965 1817 Vaticano
997 1760 1095 1817 Codice

74 1865 138 1903 suae
162 1844 312 1917 integritati
334 1845 512 1900 restituimus
545 1846 623 1914 Quod
645 1847 678 1901 ad
699 1846 851 1920 Evangelici
874 1847 945 1903 illius
961 1846 1014 1902 loci
1030 1863 1096 1901 sen-

74 1949 130 1988 sum
155 1930 261 1994 attinet,
286 1929 381 1985 eodem
404 1931 484 1985 modo
509 1930 648 2004 Chrysost.
672 1941 700 1986 et
715 1932 933 2020 theophylactus
957 1929 1136 2004 exponunt&

74 2034 126 2090 quo
154 2014 330 2087 Epiphanius.

160 2098 243 2156 90b.
275 2094 325 2153 καὶ
349 2086 425 2174 ἅπερ
448 2091 535 2174 ἡμεῖς
556 2095 716 2175 ἐσθίομεν]
752 2102 826 2157 ldem
848 2102 995 2158 Manichaei
1018 2101 1097 2157 iacti-

75 2194 129 2242 tare
154 2183 288 2249 solebant,
313 2192 343 2238 ut
365 2200 396 2238 ox
417 2185 486 2256 Aug.
509 2184 586 2240 libris
609 2187 737 2241 adversus
759 2188 887 2243 Faustum
911 2194 1031 2258 apparet.

161 2271 201 2327 99
218 2286 242 2324 a.
273 2259 328 2322 οὐκ
349 2256 453 2342 ἤνεγκε
477 2260 621 2345 λόγονβλ
614 2288 721 2346 »ασιμηι
710 2267 797 2344 ιἰιας]
822 2272 907 2326 Aliter
921 2269 1009 2325 haec
1002 2287 1029 2324 m
1044 2269 1096 2324 Ca-

68 2355 172 2454 ponica
201 2353 283 2409 ludae
310 2353 440 2426 leguntur
465 2357 491 2418 5,
510 2357 537 2410 9.
579 2346 616 2411 O
650 2348 683 2409 δὲ
710 2347 840 2428 Μιχαὴλ
863 2346 1097 2428 ὁἈρχάγγελος

75 2431 121 2498 ὅτε
152 2439 199 2517 τῷ
210 2429 386 2540 Διαβόλῳ
401 2432 630 2539 ιλιακμινόμενος
653 2433 798 2513 διελέγετο
821 2457 888 2515 περι
912 2439 966 2494 τοῦ
990 2432 1096 2493 Μωϋ-

75 2521 151 2591 οείος
173 2516 328 2595 σώματος,
353 2515 408 2577 οὐκ
431 2516 499 2579 ετόλ
499 2540 578 2596 μηοε
594 2541 692 2600 κρισιν
707 2518 871 2598 ἐπενεγκεῖν
885 2517 1052 2599 βλασφημ
1027 2540 1096 2589 ιιας.

20 2675 23 2679 ,
75 2609 138 2667 Non
163 2624 251 2664 ausos
275 2615 315 2661 est
336 2608 473 2663 iudicium
494 2609 601 2678 inferre
625 2615 650 2662 et
672 2624 808 2663 accusare
832 2608 1031 2681 blasphemiae.
1061 2609 1096 2663 lt

76 2694 243 2768 Epiphanius
266 2692 343 2747 aliam
366 2692 483 2770 fortasse
506 2692 651 2749 lectionem
674 2701 799 2759 secutus,
824 2711 881 2748 oon
904 2694 974 2759 tulit,
998 2693 1095 2768 inquit,

77 2779 289 2852 blasphemiam.

162 2855 205 2929 ὡς
227 2860 275 2918 καὶ
300 2852 316 2916 ὁ
338 2852 490 2938 μακάριος
505 2857 648 2936 Παῦλος]
673 2863 795 2920 Clemens
810 2865 884 2920 Alex.
901 2864 947 2920 lib.
962 2863 1097 2922 astron

78 2949 194 3006 eundem
216 2945 340 3020 Apostoli
361 2946 451 3002 locum
475 2947 559 3002 citans
582 2947 614 3002 ad
638 2948 769 3004 eiusmodi
792 2967 878 3023 genus
894 2949 1098 3005 llacreticorum

77 3034 216 3107 pertinere
246 3039 339 3105 putat,
368 3025 433 3086 Καὶ
461 3025 504 3106 μή
527 3051 555 3089 τι
578 3024 655 3133 πρὸς
675 3025 842 3099 coerceat
862 3025 1082 3098 Ἀπόστολος
1068 3049 1100 3086 εν

77 3121 113 3197 τῇ
135 3136 216 3219 πμος
233 3108 404 3189 Ῥωμαίους
425 3109 609 3195 ἐπιστολῇ’
592 3110 823 3191 οποτεινόμενος
842 3108 968 3216 γράφει·
991 3134 1040 3170 και
1054 3109 1098 3189 μὴ

78 3197 188 3269 καθώς
214 3191 509 3304 βλασφημούμεθα,
539 3197 588 3257 καὶ
617 3196 725 3269 καθώς
747 3199 828 3281 φασί
847 3219 924 3268 τινες
944 3194 1028 3275 ἡμας
1049 3193 1098 3255 λέ-

78 3306 147 3363 γειν,
172 3276 218 3344 du
241 3277 378 3388 ποιήιμιιιι
374 3303 417 3341 ιεν
438 3279 478 3341 τὰ
501 3280 590 3357 nand,
610 3283 662 3343 ινα
684 3280 763 3365 ἔλθῃ
785 3282 823 3344 τὰ
847 3280 963 3362 ἀγαθά

164 3375 245 3432 96ε.
277 3365 327 3426 καὶ
351 3363 378 3426 oi
400 3363 456 3444 μὲν
473 3365 729 3445 ἐνυπνιαζόμενοι]
753 3372 808 3427 Vox
823 3373 899 3436 haec,
923 3360 1099 3437 ενοπνιαζό-

79 3476 173 3530 μενοι,
196 3456 352 3529 invulgata
373 3457 598 3530 interpretatione
622 3457 706 3522 deest,
730 3473 809 3528 quam
832 3456 865 3512 ad
887 3463 966 3529 turpe
981 3453 1100 3510 lihidinis

81 3542 242 3616 profluvium
277 3541 360 3597 refert
393 3541 504 3598 Cocum.
533 3542 631 3616 aliique
659 3540 791 3597 nonnulli.
836 3541 886 3596 Alii
915 3541 948 3597 ad
976 3556 1099 3597 errorum

81 3637 269 3704 nugarumque
292 3626 413 3684 somnia:
443 3626 566 3684 Clemens
588 3626 697 3685 Alen3
721 3626 820 3685 Strom.
844 3625 973 3684 adversus
996 3624 1101 3699 Carpo·

910 3727 924 3776 5
932 3726 947 3758 t
