2534 4154
477 311 769 362 tututoaeasrouns.
1068 300 1130 363 239

107 467 248 524 Eiusmodi
277 473 319 522 est
346 465 391 522 illa
420 465 454 522 dc
475 465 607 522 Paschate
629 466 736 524 ludaico
764 466 927 525 celebrando
954 469 1072 535 sanctio,
1103 472 1130 527 in

108 570 177 626 qua,
207 551 318 624 perinde
347 560 378 607 ut
400 550 427 606 in
449 550 549 617 altera,
578 552 752 625 legislatoris
774 562 893 609 mentem
916 571 947 610 ac
969 556 1130 613 sententiam

101 637 282 695 considerare
308 635 449 693 debemus.
492 635 530 692 Ea
551 653 615 692 vero
638 637 676 692 sic
698 637 900 711 interpretanda
923 648 974 695 est.
1019 640 1131 709 Quoties

108 731 173 780 ante
199 739 312 778 vernum
334 721 542 793 Aequinoctium
570 722 770 795 quartadecima
793 723 892 779 ludaici
914 724 995 780 Nisan
1028 725 1130 792 incidit,

108 817 191 883 atque
219 807 257 863 illi
285 807 388 862 Pascha
417 823 496 861 suurn
525 806 681 871 celebrant,
712 806 854 864 Christiani
882 809 1004 866 solennia
1032 810 1132 867 ieiunia

106 893 238 967 prosequi
261 891 370 948 debent.
416 891 472 955 Sin,
496 899 527 946 ut
549 908 630 964 saepe
653 891 692 956 fit,
716 900 779 964 post
800 894 1008 968 Aequinoctium
1031 895 1130 952 festum
1175 909 1177 913 ·

107 979 184 1034 illum
214 977 284 1033 diem
313 975 427 1041 obeant,
457 976 553 1032 eodem
576 977 618 1032 die
642 976 800 1033 Christianis
822 979 924 1034 Pascha
948 998 1026 1036 suum
1050 998 1130 1055 agere
1227 1037 1228 1040 ,

95 1055 140 1119 ¹aa
161 1063 254 1118 laetari
277 1062 350 1117 licet.
382 1061 418 1116 lle
441 1077 496 1134 quo
519 1060 690 1136 adsequens
713 1072 795 1135 caput
814 1062 891 1135 plura
914 1065 1043 1121 dicemus.

195 1140 348 1225 φάσκουσι
370 1139 429 1222 γὰρ
452 1139 509 1220 τὴν
530 1138 701 1223 ἀγρυπνίαν
713 1141 827 1223 φέρειν]
860 1141 1029 1224 ἀγρυπνίας
1044 1151 1132 1208 inter-

107 1242 203 1306 pretor
224 1233 338 1303 cipilias
362 1239 390 1286 et
410 1232 562 1295 stationes,
592 1249 662 1304 quae
683 1248 698 1286 a
721 1231 817 1288 ieiunis
840 1232 909 1288 obiri
933 1234 1073 1301 solebant,
1097 1237 1130 1292 de

105 1317 209 1392 quihus
238 1316 309 1372 alibi.
355 1316 407 1371 lam
435 1309 630 1388 μεσαζόντων
656 1316 720 1372 τῶν
747 1308 871 1390 ἀζύμων
906 1319 971 1374 nihil
994 1320 1066 1375 aliud
1089 1330 1131 1377 est

106 1416 189 1475 quam
211 1403 272 1475 ipso
296 1401 337 1457 die
353 1404 526 1474 Azymorum,
550 1401 614 1466 sive,
637 1411 668 1457 ut
683 1401 799 1459 Hebraei
815 1403 917 1468 dicunt,
941 1415 1016 1464 antra
1032 1416 1129 1464 aasz.

107 1487 153 1544 Sic
177 1488 248 1543 enim
271 1503 404 1559 usurpare
427 1487 497 1542 solet
518 1485 695 1559 Epiphanius.
736 1488 776 1542 lta
807 1491 915 1561 cap.12
943 1482 1038 1562 paloor
1060 1478 1131 1565 dye-

106 1591 158 1628 ται
181 1563 216 1628 τὸ
238 1570 337 1645 θῦμα.
377 1571 411 1626 Et
437 1564 629 1645 μεσαζούσης
650 1565 791 1628 rataldo
815 1564 939 1651 δρόμων
971 1565 1078 1641 νυκτός
1098 1592 1130 1631 τε

107 1652 159 1714 καὶ
180 1649 306 1733 ἡμέρας,
330 1664 360 1712 ut
383 1672 433 1713 suo
456 1656 517 1711 loca
540 1656 670 1725 dicemus.
702 1656 867 1732 chronologi
891 1659 976 1716 nostri
994 1658 1130 1717 labentem

107 1742 189 1807 diem,
212 1751 259 1798 aut
281 1758 381 1797 annum
403 1741 549 1814 appellant.

111 1868 114 1875 ι
194 1823 226 1883 ἐκ
247 1827 340 1903 τριῶν
360 1818 419 1900 γὰρ
442 1820 634 1901 συνέστηκεν]
664 1827 746 1901 Atqui
769 1828 822 1884 dua
845 1836 949 1884 tantum
971 1829 1015 1885 hic
1038 1839 1131 1901 aperte

107 1930 139 1970 ac
167 1912 294 1968 distincte
323 1920 533 1967 commemorat:
563 1911 634 1967 Solis
664 1929 791 1978 cursum,
821 1923 934 1986 propter
962 1914 1131 1970 hominicum

107 1999 195 2062 dicam
225 2007 253 2053 et
275 1997 408 2052 tanuen
434 1995 469 2051 oh
504 2000 539 2053 14
563 1997 675 2052 Lunam.
720 1998 795 2067 Quae
824 2007 851 2054 et
878 1999 1037 2056 Ambrosius
1066 2000 1132 2072 Epi-

106 2083 179 2140 stola
201 2083 234 2138 ad
259 2081 409 2154 Episcopus
435 2081 563 2137 homiliae
588 2083 744 2156 complexus
772 2092 827 2139 cst.
851 2083 914 2139 Dua
936 2094 1009 2151 suat,
1033 2085 1130 2157 inquit,

105 2169 287 2224 observanda
313 2168 344 2221 ιἰι
372 2168 541 2222 solennitate
557 2167 712 2232 Paschae,
745 2168 966 2237 Quartodecima
992 2170 1075 2224 Lana
1106 2177 1132 2225 et

102 2255 216 2327 primus
238 2253 355 2315 mensis,
379 2253 427 2323 qui
449 2252 553 2307 dicitur
574 2251 727 2308 Novarum.
772 2254 870 2310 Verum
893 2253 920 2308 in
944 2254 1025 2309 solari
1048 2268 1131 2309 cursa

106 2338 162 2395 duo
192 2337 381 2402 continentur,
412 2336 515 2409 primus
544 2337 656 2402 mensis,
686 2338 740 2392 sive
768 2337 986 2410 Aequinoctium,
1011 2347 1038 2394 et
1055 2337 1130 2394 feria.

104 2424 198 2492 Quare
226 2423 275 2478 tria
305 2423 371 2477 haec
393 2420 560 2482 celebritatis
582 2421 652 2477 illius
675 2421 750 2476 velut
772 2415 907 2496 odaicddq
931 2421 1060 2478 discernit
1083 2439 1132 2478 en-

102 2507 246 2584 plicatque
272 2506 384 2562 haeresi
407 2509 461 2571 50,
492 2522 550 2578 cap.
569 2509 596 2563 3.
643 2506 902 2575 Quartamdecimam
931 2507 1021 2563 hunae
1051 2507 1130 2573 diem,

104 2593 316 2667 Aequinoctium
338 2608 451 2647 vernum
474 2599 501 2646 et
523 2590 698 2647 hominicam.
786 2610 791 2617 ·

196 2679 256 2736 823
272 2677 300 2733 b.
332 2664 405 2753 ὅπερ
427 2669 513 2752 παρὰ
534 2679 600 2742 τοῖς
617 2668 780 2742 Ἰουδαίοις
801 2667 836 2731 οὐ
860 2670 1062 2753 φυλάσσεται]
1093 2679 1131 2736 lle

101 2768 176 2838 'quo-
192 2764 350 2837 trequentes
379 2761 579 2817 Catholicorum
609 2761 706 2833 partim
738 2761 865 2834 querelae
894 2762 1022 2819 adversus
1053 2762 1132 2821 Chri-

105 2850 211 2906 stianos
233 2848 417 2912 ludaizantes‚
446 2845 543 2919 partim
566 2845 592 2900 in
615 2846 677 2902 illos
698 2846 774 2920 ipsos
795 2848 908 2904 ludaeos
930 2848 1130 2906 insultationes.

105 2934 174 2990 Vide
198 2932 365 2990 Constantini
387 2931 503 3004 Augusti
524 2931 696 3004 Rescriptum
717 2932 750 2987 ad
772 2931 939 2989 Christianos
963 2951 994 2989 en
1016 2934 1132 2990 Nicaena

106 3019 229 3093 Synodo.
273 3018 371 3073 Extant
400 3027 427 3073 et
454 3025 560 3072 veteres
585 3016 735 3083 Canones,
752 3018 851 3090 quihus
879 3018 1036 3074 nominatim
1058 3018 1131 3073 istud

106 3103 222 3160 vetitum
245 3111 296 3159 est.
328 3102 365 3158 lle
388 3119 441 3175 qua
463 3119 493 3157 re
516 3101 549 3158 ad
571 3101 702 3158 llaeresin
720 3105 755 3161 51
780 3103 808 3158 in
827 3103 946 3158 lliatriha
968 3103 1001 3158 de
1016 3093 1133 3158 ludaeo-

65 3249 69 3255 ,
101 3191 170 3246 'ram
192 3204 264 3246 anno
287 3191 397 3260 copiose
419 3187 542 3243 diximus.

103 3307 106 3311 ·
196 3268 247 3330 nal
269 3266 347 3347 μετὰ
368 3273 431 3328 τῶν
452 3267 586 3350 ἐχθρῶν]
632 3272 759 3328 Fortasse
780 3272 833 3344 leg.
857 3265 907 3326 καὶ
930 3266 957 3327 εἴ
976 3265 1055 3344 μετὰ
1078 3282 1131 3330 etc.

107 3360 251 3417 Sententia
272 3374 336 3414 vero
360 3374 392 3412 ex
413 3357 506 3413 Latina
528 3357 752 3430 interpretatione
775 3356 919 3429 perspicua
942 3365 993 3412 est.

197 3446 257 3502 823
274 3460 297 3499 c.
329 3431 404 3499 ὅταν
426 3433 513 3496 αὐτοὶ
530 3440 698 3513 nardulum]
724 3441 782 3496 Non
806 3441 879 3514 quod
907 3444 941 3498 14
958 3440 1039 3496 Nisan
1062 3443 1183 3504 leia-293

105 3531 245 3587 neverint:
272 3544 362 3600 neque
386 3525 457 3582 enim
479 3526 551 3582 inter
565 3527 631 3583 ,dies
653 3537 779 3595 natanta,
809 3526 863 3582 sive
885 3526 1133 3600 Angariarumre·

106 3616 210 3674 turtur:
243 3613 291 3671 sed
325 3612 398 3685 quod
427 3619 520 3667 exacto
549 3611 598 3668 illo
620 3612 679 3685 ipso
702 3610 745 3668 die
767 3611 924 3669 Paschalern
947 3629 1047 3687 agnum
1070 3631 1132 3672 cum
