2534 4154
145 306 210 399 966
512 336 530 365 .·
547 318 571 363 ἑ·
596 326 709 378 rernm

166 510 179 519 ·’
228 486 289 542 656
305 500 330 539 a.
361 470 427 540 ehoe
453 474 546 538 πάλιν
572 475 675 539 ἐλθὼν
703 477 746 550 εἰς
773 474 926 560 τὰμέρη]
970 483 1095 540 hericute
1118 484 1167 542 hic

31 620 33 626 ,
141 569 331 627 hallucinatur.
362 567 468 624 Etenim
483 567 588 624 Marcus
612 569 664 633 5,1
690 561 747 644 τὴν
762 559 874 644 χώραν
893 567 956 624 τῶν
970 563 1167 646 Γαδαρηνῶν

140 654 266 729 appellat.
282 653 376 709 Matth.
393 648 424 707 Γ
422 653 596 729 εργεσηνῶν.
626 654 712 709 Lucas
735 671 759 709 c.
777 655 805 717 8,
823 654 863 710 26
886 646 1087 729 Γαδαρηνῶν.
1110 655 1166 710 La-

140 739 214 796 tinus
242 740 380 812 Interpres
408 737 509 810 ubique
538 738 746 794 Gerasenorum.
792 737 892 794 Gerasa
921 745 949 795 et
970 738 1073 794 Gadara
1103 738 1166 796 aliis

45 865 47 869 .
139 824 238 899 oppida
260 824 324 888 duo,
348 822 405 880 aliis
428 838 511 878 uuum
535 831 562 878 et
583 822 654 878 idem
672 814 761 879 ¹tuisse
782 823 897 879 videtur.
927 823 992 879 Vide
1007 823 1163 880 Iansenium

139 910 220 968 cedit
245 908 378 964 Concord.
422 909 443 962 h
472 906 572 980 quibus
596 916 786 964 transamnana
808 908 939 980 quaedam
962 908 1037 982 regio
1060 925 1164 966 nomen

137 992 252 1068 accepit.
1066 1025 1070 1031 -

150 1110 153 1117 ·
224 1077 328 1136 6531).
358 1067 460 1151 ἐπειδὴ
481 1071 540 1154 γὰρ
563 1068 790 1148 ὃιΜατθαῖος]
821 1077 960 1150 Chrysost.
977 1077 1056 1134 Ηοω.
1069 1077 1110 1136 29
1133 1077 1164 1134 iu

96 1184 103 1208 ¹>
136 1161 200 1220 tto.
223 1163 293 1219 duos
309 1161 493 1234 Evangelistas
515 1163 552 1216 ita
575 1161 700 1218 conciliat
722 1170 753 1218 ut
778 1162 866 1218 Lucas
888 1178 949 1218 eum
972 1162 1165 1221 tautummodo

136 1247 396 1311 murmoraverit,
420 1247 466 1319 qui
488 1245 521 1301 ah
545 1245 695 1302 molestiori
717 1254 789 1303 esset
812 1246 949 1303 [daemone
971 1255 1126 1320 correptus.

166 1354 169 1359 Δ
223 1334 280 1391 661
299 1332 327 1388 h.
358 1324 488 1408 φαύλων
516 1324 550 1387 δὲ
567 1325 703 1408 χωρίων]
748 1331 896 1404 Depravata
923 1331 1077 1397 istasunt,
1109 1332 1164 1389 uisi

135 1415 206 1475 torte
226 1411 415 1491 μετάστασιν
434 1417 498 1472 τῶν
514 1410 639 1492 χωρίων
660 1416 726 1473 dixit
746 1433 797 1490 pro
820 1412 863 1482 εἰς
883 1409 923 1472 τὰ
939 1410 1052 1493 χωρία.
1144 1430 1147 1437 ·

148 1534 168 1543 ·-
223 1505 284 1561 669
299 1519 323 1559 a.
354 1491 433 1578 ὅπερ
452 1494 587 1575 κατήντα
608 1495 651 1567 εἰς
677 1493 937 1574 πενταχιλιοστόν]
983 1501 1012 1556 Si
1034 1500 1163 1558 Christus

135 1602 207 1645 auno
236 1588 332 1644 aetatis
355 1589 394 1647 30
423 1585 575 1661 baptizatus
604 1593 661 1652 est,
690 1586 769 1660 isque
791 1603 806 1642 a
828 1585 921 1642 mundi
944 1584 1056 1642 conditu
1077 1586 1166 1645 tuerit-

137 1673 218 1731 5569
248 1689 351 1736 annus,
380 1679 460 1726 natus
488 1671 540 1749 erit
568 1686 600 1726 ex
632 1670 775 1744 Epiphanii
803 1670 938 1727 sententia
966 1687 1037 1726 anno
1064 1671 1161 1729 muudi

136 1759 228 1816 5486.
261 1757 350 1812 Varias
374 1773 406 1812 ex
421 1755 486 1810 Lxx
502 1755 647 1811 Seniorum
670 1756 818 1812 ratiociniis
840 1772 974 1811 annorum
990 1772 1109 1812 summas
1125 1756 1161 1813 ab

134 1839 202 1897 orbe
224 1842 333 1897 condito
357 1840 484 1896 collectas
506 1840 590 1896 tuisse
613 1840 708 1902 Graeci
734 1841 932 1896 demonstrant.
962 1840 1027 1895 Nam
1050 1851 1164 1914 praeter

133 1925 204 1981 hanc
219 1925 370 1999 Epiphanii,
394 1924 615 1998 Martyroiogium
631 1924 781 1980 Romanum
804 1924 883 1981 aliam
906 1925 1032 1990 instituit,
1057 1942 1163 1982 secun-

133 2009 197 2064 dum
220 2026 300 2085 quam
323 2010 356 2065 ad
379 2009 479 2064 Christi
500 2009 617 2064 natalem
639 2010 703 2064 anni
724 2019 904 2066 numerantur
924 2012 1015 2066 5199.
1046 2009 1163 2068 Praeter

132 2094 202 2151 hmo
226 2103 282 2150 tres
304 2095 369 2150 alias
391 2094 418 2148 in
442 2110 494 2148 usu
518 2109 578 2148 esse
601 2095 762 2166 reperimus.
808 2094 897 2150 Prima
919 2101 962 2150 est
983 2110 1053 2168 quoe
1077 2095 1160 2152 Chri·

132 2186 205 2235 stum
227 2196 299 2236 auno
324 2181 405 2237 5493
424 2179 466 2234 vel
482 2180 564 2236 5494
588 2188 682 2233 netum
704 2187 791 2252 putat,
815 2196 885 2252 quae
908 2196 922 2235 a
946 2179 1085 2236 nonnullis
1099 2184 1159 2237 Au-

132 2262 257 2321 tioehena
278 2265 443 2320 nominatur.
473 2263 617 2328 Secunda·
631 2279 701 2337 quae
717 2263 816 2320 Christi
832 2264 997 2320 nativitatem
1017 2265 1044 2321 in
1060 2280 1164 2323 aunum

134 2350 214 2407 5566
239 2350 363 2414 coniicit,
392 2366 473 2422 quam
497 2349 681 2421 Aethiopicam
710 2348 856 2422 appellant.
902 2348 1006 2412 Tertia,
1036 2366 1108 2423 quae
1131 2358 1160 2408 et

79 2435 252 2495 ttoomuium
276 2434 453 2493 celeberrima
468 2442 511 2492 est
525 2444 554 2491 et
567 2433 753 2498 usitatissima,
777 2433 810 2489 ab
827 2434 901 2489 orbis
915 2433 991 2491 initio
1009 2433 1043 2490 ad
1058 2432 1161 2492 Christi

140 2520 257 2576 natalem
279 2538 365 2577 anuos
387 2529 465 2593 putat
490 2522 580 2577 5569.
611 2518 649 2575 he
671 2519 704 2574 iis
727 2519 791 2574 alias
812 2518 925 2576 uberius
948 2517 1123 2575 disseremus.

227 2606 286 2662 697
304 2621 328 2661 c.
359 2600 434 2682 φησὶ
458 2597 492 2660 δὲ
513 2596 530 2661 ὃ
553 2596 647 2671 αὐτὸς
659 2596 786 2678 Μάνης]
818 2604 880 2661 h'or.
896 2594 983 2681 ᾔδειν
998 2597 1072 2670 τοδς
1084 2595 1166 2678 ime·

139 2680 255 2765 τίροας,
277 2699 309 2744 ut
330 2689 471 2763 sequeutia
493 2689 667 2762 persuadent.

228 2775 288 2829 762
304 2788 328 2827 c.
358 2765 433 2848 ὑπὲρ
455 2765 491 2829 τὸ
512 2767 626 2848 μέτρον
651 2774 714 2830 τῶν
734 2760 768 2840 (ἐξ
789 2765 935 2844 σταδίων]
980 2770 1165 2846 hieronymus

140 2854 274 2931 unisono
297 2855 330 2912 ad
351 2856 485 2929 Algasiam
508 2857 558 2926 Qu.
576 2860 611 2915 16
634 2857 687 2914 iter
709 2856 819 2914 Sabbati
841 2874 874 2913 ex
895 2856 1082 2913 Hebraeorum
1102 2867 1166 2914 tra·

141 2941 244 3000 ditione
272 2941 380 2997 duobus
407 2940 507 3014 pedum
535 2941 643 2998 milibus
672 2941 774 2998 definit.
819 2940 935 2998 Hebraei
956 2958 1020 2998 vero
1042 2941 1164 3016 Magistri

129 3026 182 3084 duo
206 3026 360 3084 cubitorum
382 3025 454 3081 milia
477 3027 655 3090 constituunt,
680 3028 753 3100 quod
776 3034 803 3082 et
826 3027 927 3082 certius
942 3026 1057 3082 videtur.
1087 3026 1155 3084 Nam

128 3113 165 3170 ita
187 3111 267 3169 docet
281 3111 361 3167 Elias.
374 3113 402 3167 in
418 3110 511 3167 Thisbi
533 3109 664 3167 vocabulo
687 3123 780 3171 namn.
812 3110 895 3167 Cuius
912 3111 1015 3168 moduli
1031 3110 1156 3169 dehnitio

128 3213 161 3253 ex
190 3213 251 3270 cap.
278 3196 426 3261 Exodld,
449 3197 484 3254 12
517 3204 545 3252 et
577 3196 749 3269 potissimum
782 3212 814 3252 ex
842 3196 923 3253 losoe
946 3199 1008 3261 3‚-4
1039 3197 1154 3269 petitur,

128 3280 178 3338 uhi
196 3282 269 3339 iuter
281 3286 378 3338 Arcam
401 3290 428 3338 et
450 3280 582 3354 populum
604 3281 717 3338 totidem
735 3280 890 3337 cubitorum
905 3281 1075 3338 intervallum
1091 3298 1154 3338 esse

128 3367 303 3439 praecipitur.
334 3366 368 3422 Ut
390 3366 516 3422 nimirum
540 3383 572 3423 eo
589 3365 700 3422 Sabbati
723 3365 765 3421 die
787 3366 883 3422 liceret
899 3365 1038 3431 accedere,
1062 3375 1094 3424 ut
1108 3367 1168 3422 iu-·

129 3458 295 3523 terpretatur
316 3452 348 3507 R.
372 3450 511 3507 Seiomoh.
556 3453 611 3507 lam
634 3449 742 3507 cubitus
766 3467 798 3506 en
820 3451 939 3507 Vitruvio
964 3453 1017 3516 at
1043 3452 1153 3524 sesqui-

127 3533 335 3607 petenensem,
360 3537 415 3592 sive
437 3534 533 3610 palmis
543 3538 574 3601 6,
598 3538 648 3592 hoe
673 3543 716 3591 est
737 3535 828 3609 digitis
851 3537 901 3593 24.
946 3534 1103 3592 herodotus
1124 3536 1166 3592 iu-

129 3617 186 3676 utto
208 3620 324 3676 stadium
348 3622 366 3678 6
390 3636 451 3678 esse
472 3621 602 3696 iugerum
620 3618 729 3686 scribit,
759 3620 787 3676 id
813 3630 855 3678 est
876 3610 1007 3699 ὀργυιῶν
1029 3630 1150 3686 centum,
