<?xml version="1.0" encoding="UTF-8"?>
<!DOCTYPE html PUBLIC "-//W3C//DTD XHTML 1.0 Transitional//EN"
    "http://www.w3.org/TR/xhtml1/DTD/xhtml1-transitional.dtd">
<html xmlns="http://www.w3.org/1999/xhtml" xml:lang="en" lang="en">
 <head>
  <title>
</title>
<meta http-equiv="Content-Type" content="text/html;charset=utf-8" />
  <meta name='ocr-system' content='tesseract 3.04.00' />
  <meta name='ocr-capabilities' content='ocr_page ocr_carea ocr_par ocr_line ocrx_word'/>
</head>
<body>
  <div class='ocr_page' id='page_1' title='image "./epiphaniiepisco00epipgoog_0156.png"; bbox 0 0 2534 4154; ppageno 0'>
   <div class='ocr_carea' id='block_1_1' title="bbox 478 317 1133 379">
    <p class='ocr_par' dir='ltr' id='par_1_1' title="bbox 478 317 1133 379">
     <span class='ocr_line' id='line_1_1' title="bbox 478 317 1133 379; baseline 0.003 -2"><span class='ocrx_word' id='word_1_1' title='bbox 478 327 769 378; x_wconf 79' lang='lat' dir='ltr'><strong>iurunovmsrouus.</strong></span> <span class='ocrx_word' id='word_1_2' title='bbox 1094 317 1133 379; x_wconf 86' lang='lat'><strong>65</strong></span> 
     </span>
    </p>
   </div>
   <div class='ocr_carea' id='block_1_2' title="bbox 85 484 1136 1729">
    <p class='ocr_par' dir='ltr' id='par_1_2' title="bbox 85 484 1136 1729">
     <span class='ocr_line' id='line_1_2' title="bbox 117 484 1134 559; baseline 0.003 -18"><span class='ocrx_word' id='word_1_3' title='bbox 117 493 144 541; x_wconf 86' lang='lat' dir='ltr'><strong>tlt</strong></span> <span class='ocrx_word' id='word_1_4' title='bbox 165 500 181 539; x_wconf 94' lang='lat' dir='ltr'><strong>a</strong></span> <span class='ocrx_word' id='word_1_5' title='bbox 204 484 296 539; x_wconf 89' lang='lat' dir='ltr'><strong>nescio</strong></span> <span class='ocrx_word' id='word_1_6' title='bbox 320 502 375 559; x_wconf 91' lang='lat' dir='ltr'><strong>quo</strong></span> <span class='ocrx_word' id='word_1_7' title='bbox 397 484 497 540; x_wconf 89' lang='lat' dir='ltr'><strong>lactum</strong></span> <span class='ocrx_word' id='word_1_8' title='bbox 521 493 571 549; x_wconf 88' lang='lat' dir='ltr'><strong>est,</strong></span> <span class='ocrx_word' id='word_1_9' title='bbox 595 484 672 557; x_wconf 89' lang='lat' dir='ltr'><strong>quasi</strong></span> <span class='ocrx_word' id='word_1_10' title='bbox 687 484 820 541; x_wconf 83' lang='lat' dir='ltr'><strong>Hebratce</strong></span> <span class='ocrx_word' id='word_1_11' title='bbox 836 485 972 540; x_wconf 89' lang='lat' dir='ltr'><strong>nescierit.</strong></span> <span class='ocrx_word' id='word_1_12' title='bbox 1003 485 1134 544; x_wconf 87' lang='lat' dir='ltr'><strong>Hebralca</strong></span> 
     </span>
     <span class='ocr_line' id='line_1_3' title="bbox 115 569 1135 643; baseline 0.004 -19"><span class='ocrx_word' id='word_1_13' title='bbox 115 578 143 625; x_wconf 90' lang='lat' dir='ltr'><strong>ut</strong></span> <span class='ocrx_word' id='word_1_14' title='bbox 165 578 246 624; x_wconf 90' lang='lat' dir='ltr'><strong>erant</strong></span> <span class='ocrx_word' id='word_1_15' title='bbox 267 570 408 643; x_wconf 79' lang='lat' dir='ltr'><strong>exscripsit</strong></span> <span class='ocrx_word' id='word_1_16' title='bbox 429 569 493 635; x_wconf 88' lang='lat' dir='ltr'><strong>ille;</strong></span> <span class='ocrx_word' id='word_1_17' title='bbox 525 578 584 625; x_wconf 89' lang='lat' dir='ltr'><strong>tum</strong></span> <span class='ocrx_word' id='word_1_18' title='bbox 607 570 640 624; x_wconf 91' lang='lat' dir='ltr'><strong>ad</strong></span> <span class='ocrx_word' id='word_1_19' title='bbox 662 569 767 643; x_wconf 89' lang='lat' dir='ltr'><strong>singula</strong></span> <span class='ocrx_word' id='word_1_20' title='bbox 789 570 918 626; x_wconf 90' lang='lat' dir='ltr'><strong>vocabula</strong></span> <span class='ocrx_word' id='word_1_21' title='bbox 941 569 1069 627; x_wconf 80' lang='lat' dir='ltr'><strong>Graecam</strong></span> <span class='ocrx_word' id='word_1_22' title='bbox 1091 572 1135 628; x_wconf 89' lang='lat' dir='ltr'><strong>in-</strong></span> 
     </span>
     <span class='ocr_line' id='line_1_4' title="bbox 85 653 1134 728; baseline 0.001 -17"><span class='ocrx_word' id='word_1_23' title='bbox 85 653 339 728; x_wconf 74' lang='lat' dir='ltr'><strong>‘terpretationem</strong></span> <span class='ocrx_word' id='word_1_24' title='bbox 361 654 496 719; x_wconf 84' lang='lat' dir='ltr'><strong>adiunxit,</strong></span> <span class='ocrx_word' id='word_1_25' title='bbox 525 655 677 710; x_wconf 91' lang='lat' dir='ltr'><strong>cuiusmodi</strong></span> <span class='ocrx_word' id='word_1_26' title='bbox 703 656 730 710; x_wconf 92' lang='lat' dir='ltr'><strong>in</strong></span> <span class='ocrx_word' id='word_1_27' title='bbox 752 655 872 711; x_wconf 80' lang='lat' dir='ltr'>Ecclesia</span> <span class='ocrx_word' id='word_1_28' title='bbox 893 656 993 728; x_wconf 90' lang='lat' dir='ltr'><strong>passim</strong></span> <span class='ocrx_word' id='word_1_29' title='bbox 1017 658 1134 713; x_wconf 75' lang='lat' dir='ltr'><strong>exaudiri</strong></span> 
     </span>
     <span class='ocr_line' id='line_1_5' title="bbox 112 729 1134 815; baseline 0.003 -20"><span class='ocrx_word' id='word_1_30' title='bbox 112 739 236 804; x_wconf 76' lang='lat' dir='ltr'>solebat,</span> <span class='ocrx_word' id='word_1_31' title='bbox 266 747 294 794; x_wconf 91' lang='lat' dir='ltr'><strong>et</strong></span> <span class='ocrx_word' id='word_1_32' title='bbox 323 729 517 815; x_wconf 70' lang='grc' dir='ltr'><em>ἑρμηνεύεται</em></span> <span class='ocrx_word' id='word_1_33' title='bbox 546 739 627 804; x_wconf 85' lang='lat' dir='ltr'><strong>dixit,</strong></span> <span class='ocrx_word' id='word_1_34' title='bbox 658 740 710 795; x_wconf 91' lang='lat' dir='ltr'><strong>hoc</strong></span> <span class='ocrx_word' id='word_1_35' title='bbox 739 749 781 795; x_wconf 91' lang='lat' dir='ltr'><strong>est</strong></span> <span class='ocrx_word' id='word_1_36' title='bbox 814 741 850 796; x_wconf 93' lang='lat' dir='ltr'><strong>ita</strong></span> <span class='ocrx_word' id='word_1_37' title='bbox 878 757 892 795; x_wconf 93' lang='lat' dir='ltr'><strong>a</strong></span> <span class='ocrx_word' id='word_1_38' title='bbox 915 741 980 796; x_wconf 87' lang='lat' dir='ltr'><strong>Lllll</strong></span> <span class='ocrx_word' id='word_1_39' title='bbox 1003 742 1134 801; x_wconf 79' lang='lat' dir='ltr'><strong>redditur.</strong></span> 
     </span>
     <span class='ocr_line' id='line_1_6' title="bbox 111 824 1135 898; baseline 0.002 -18"><span class='ocrx_word' id='word_1_40' title='bbox 111 825 192 894; x_wconf 74' lang='lat' dir='ltr'><strong>Quod</strong></span> <span class='ocrx_word' id='word_1_41' title='bbox 221 833 312 880; x_wconf 90' lang='lat' dir='ltr'><strong>autem</strong></span> <span class='ocrx_word' id='word_1_42' title='bbox 342 825 412 880; x_wconf 88' lang='lat' dir='ltr'><strong>idem</strong></span> <span class='ocrx_word' id='word_1_43' title='bbox 442 824 488 879; x_wconf 90' lang='lat' dir='ltr'><strong>ille</strong></span> <span class='ocrx_word' id='word_1_44' title='bbox 516 832 624 888; x_wconf 89' lang='lat' dir='ltr'><strong>censet,</strong></span> <span class='ocrx_word' id='word_1_45' title='bbox 655 824 798 880; x_wconf 89' lang='lat' dir='ltr'><strong>Nicolaitas</strong></span> <span class='ocrx_word' id='word_1_46' title='bbox 826 825 1001 898; x_wconf 83' lang='lat' dir='ltr'><strong>impurissimi</strong></span> <span class='ocrx_word' id='word_1_47' title='bbox 1024 827 1070 883; x_wconf 80' lang='lat' dir='ltr'><strong>oei</strong></span> <span class='ocrx_word' id='word_1_48' title='bbox 1093 828 1135 882; x_wconf 90' lang='lat' dir='ltr'><strong>sui</strong></span> 
     </span>
     <span class='ocr_line' id='line_1_7' title="bbox 111 903 1135 984; baseline 0.003 -19"><span class='ocrx_word' id='word_1_49' title='bbox 111 926 214 965; x_wconf 85' lang='lat' dir='ltr'><strong>nomen</strong></span> <span class='ocrx_word' id='word_1_50' title='bbox 236 903 450 981; x_wconf 80' lang='grc' dir='ltr'>Καυλαυκαδχ</span> <span class='ocrx_word' id='word_1_51' title='bbox 478 926 492 963; x_wconf 91' lang='lat' dir='ltr'><strong>e</strong></span> <span class='ocrx_word' id='word_1_52' title='bbox 515 909 585 964; x_wconf 90' lang='lat' dir='ltr'><strong>Psal.</strong></span> <span class='ocrx_word' id='word_1_53' title='bbox 611 911 649 966; x_wconf 86' lang='lat'><strong>29</strong></span> <span class='ocrx_word' id='word_1_54' title='bbox 679 910 844 982; x_wconf 88' lang='lat' dir='ltr'><strong>sumpsisse,</strong></span> <span class='ocrx_word' id='word_1_55' title='bbox 875 910 922 965; x_wconf 88' lang='lat' dir='ltr'><strong>uhi</strong></span> <span class='ocrx_word' id='word_1_56' title='bbox 944 911 981 966; x_wconf 89' lang='lat' dir='ltr'><strong>ita</strong></span> <span class='ocrx_word' id='word_1_57' title='bbox 1003 913 1135 984; x_wconf 89' lang='lat' dir='ltr'><strong>seriptum</strong></span> 
     </span>
     <span class='ocr_line' id='line_1_8' title="bbox 111 992 1135 1070; baseline 0 -18"><span class='ocrx_word' id='word_1_58' title='bbox 111 1005 153 1052; x_wconf 83' lang='lat' dir='ltr'><strong>est</strong></span> <span class='ocrx_word' id='word_1_59' title='bbox 183 1007 256 1054; x_wconf 71' lang='lat' dir='ltr'><strong>narr</strong></span> <span class='ocrx_word' id='word_1_60' title='bbox 279 992 333 1070; x_wconf 71' lang='lat' dir='ltr'><strong>bip</strong></span> <span class='ocrx_word' id='word_1_61' title='bbox 357 994 412 1049; x_wconf 77' lang='lat' dir='ltr'><strong>Vox</strong></span> <span class='ocrx_word' id='word_1_62' title='bbox 434 993 561 1058; x_wconf 86' lang='lat' dir='ltr'><strong>robusto,</strong></span> <span class='ocrx_word' id='word_1_63' title='bbox 591 1010 622 1048; x_wconf 88' lang='lat' dir='ltr'><strong>ac</strong></span> <span class='ocrx_word' id='word_1_64' title='bbox 644 1011 786 1066; x_wconf 80' lang='lat' dir='ltr'><strong>perperam</strong></span> <span class='ocrx_word' id='word_1_65' title='bbox 810 995 988 1067; x_wconf 81' lang='lat' dir='ltr'><strong>Epiphaniam</strong></span> <span class='ocrx_word' id='word_1_66' title='bbox 1013 1014 1045 1052; x_wconf 83' lang='lat' dir='ltr'><strong>er</strong></span> <span class='ocrx_word' id='word_1_67' title='bbox 1068 998 1135 1053; x_wconf 92' lang='lat' dir='ltr'><strong>lsaia</strong></span> 
     </span>
     <span class='ocr_line' id='line_1_9' title="bbox 111 1078 1136 1152; baseline 0.001 -16"><span class='ocrx_word' id='word_1_68' title='bbox 111 1078 295 1143; x_wconf 73' lang='lat' dir='ltr'><strong>transtulisse,</strong></span> <span class='ocrx_word' id='word_1_69' title='bbox 320 1079 386 1134; x_wconf 90' lang='lat' dir='ltr'><strong>mihi</strong></span> <span class='ocrx_word' id='word_1_70' title='bbox 407 1096 463 1134; x_wconf 92' lang='lat' dir='ltr'><strong>non</strong></span> <span class='ocrx_word' id='word_1_71' title='bbox 485 1078 592 1151; x_wconf 88' lang='lat' dir='ltr'><strong>prohat.</strong></span> <span class='ocrx_word' id='word_1_72' title='bbox 623 1079 688 1132; x_wconf 88' lang='lat' dir='ltr'><strong>Nam</strong></span> <span class='ocrx_word' id='word_1_73' title='bbox 712 1079 764 1134; x_wconf 93' lang='lat' dir='ltr'><strong>illis</strong></span> <span class='ocrx_word' id='word_1_74' title='bbox 786 1079 851 1152; x_wconf 89' lang='lat' dir='ltr'><strong>ipsis</strong></span> <span class='ocrx_word' id='word_1_75' title='bbox 875 1081 957 1136; x_wconf 82' lang='lat' dir='ltr'><strong>Isaiae</strong></span> <span class='ocrx_word' id='word_1_76' title='bbox 979 1082 1067 1137; x_wconf 90' lang='lat' dir='ltr'><strong>verbis</strong></span> <span class='ocrx_word' id='word_1_77' title='bbox 1085 1081 1136 1136; x_wconf 84' lang='lat' dir='ltr'><strong>ab·</strong></span> 
     </span>
     <span class='ocr_line' id='line_1_10' title="bbox 112 1162 1134 1234; baseline 0.003 -15"><span class='ocrx_word' id='word_1_78' title='bbox 112 1182 178 1220; x_wconf 91' lang='lat' dir='ltr'><strong>usos</strong></span> <span class='ocrx_word' id='word_1_79' title='bbox 195 1163 353 1220; x_wconf 87' lang='lat' dir='ltr'><strong>Haereticos</strong></span> <span class='ocrx_word' id='word_1_80' title='bbox 378 1164 454 1219; x_wconf 92' lang='lat' dir='ltr'><strong>testis</strong></span> <span class='ocrx_word' id='word_1_81' title='bbox 478 1172 519 1218; x_wconf 92' lang='lat' dir='ltr'><strong>est</strong></span> <span class='ocrx_word' id='word_1_82' title='bbox 534 1162 645 1218; x_wconf 89' lang='lat' dir='ltr'><strong>Hieron.</strong></span> <span class='ocrx_word' id='word_1_83' title='bbox 669 1164 747 1219; x_wconf 90' lang='lat' dir='ltr'><strong>culus</strong></span> <span class='ocrx_word' id='word_1_84' title='bbox 770 1165 837 1219; x_wconf 89' lang='lat' dir='ltr'><strong>haec</strong></span> <span class='ocrx_word' id='word_1_85' title='bbox 859 1163 940 1219; x_wconf 89' lang='lat' dir='ltr'><strong>verba</strong></span> <span class='ocrx_word' id='word_1_86' title='bbox 955 1174 1041 1234; x_wconf 69' lang='lat' dir='ltr'><strong>sunt:</strong></span> <span class='ocrx_word' id='word_1_87' title='bbox 1065 1167 1134 1222; x_wconf 85' lang='lat' dir='ltr'><strong>His·</strong></span> 
     </span>
     <span class='ocr_line' id='line_1_11' title="bbox 111 1249 1134 1323; baseline 0.003 -20"><span class='ocrx_word' id='word_1_88' title='bbox 111 1265 164 1322; x_wconf 72' lang='lat' dir='ltr'><strong>pue</strong></span> <span class='ocrx_word' id='word_1_89' title='bbox 186 1250 281 1305; x_wconf 78' lang='lat' dir='ltr'><strong>verbis</strong></span> <span class='ocrx_word' id='word_1_90' title='bbox 303 1251 383 1304; x_wconf 82' lang='lat' dir='ltr'><strong>abuti</strong></span> <span class='ocrx_word' id='word_1_91' title='bbox 404 1250 475 1304; x_wconf 82' lang='lat' dir='ltr'><strong>solet</strong></span> <span class='ocrx_word' id='word_1_92' title='bbox 496 1249 718 1303; x_wconf 80' lang='lat' dir='ltr'><strong>immundissimo</strong></span> <span class='ocrx_word' id='word_1_93' title='bbox 735 1250 873 1303; x_wconf 82' lang='lat' dir='ltr'><strong>Haeresis</strong></span> <span class='ocrx_word' id='word_1_94' title='bbox 896 1252 974 1321; x_wconf 84' lang='lat' dir='ltr'><strong>opud</strong></span> <span class='ocrx_word' id='word_1_95' title='bbox 995 1252 1134 1323; x_wconf 79' lang='lat' dir='ltr'><strong>simplices</strong></span> 
     </span>
     <span class='ocr_line' id='line_1_12' title="bbox 112 1333 1133 1406; baseline 0.002 -19"><span class='ocrx_word' id='word_1_96' title='bbox 112 1349 237 1406; x_wconf 73' lang='lat' dir='ltr'><strong>quosque</strong></span> <span class='ocrx_word' id='word_1_97' title='bbox 259 1341 342 1405; x_wconf 79' lang='lat' dir='ltr'><strong>atque</strong></span> <span class='ocrx_word' id='word_1_98' title='bbox 365 1336 501 1405; x_wconf 88' lang='lat' dir='ltr'><strong>deceptos,</strong></span> <span class='ocrx_word' id='word_1_99' title='bbox 524 1342 555 1389; x_wconf 80' lang='lat' dir='ltr'><strong>ut</strong></span> <span class='ocrx_word' id='word_1_100' title='bbox 577 1340 711 1388; x_wconf 80' lang='lat' dir='ltr'><strong>terrorem</strong></span> <span class='ocrx_word' id='word_1_101' title='bbox 724 1333 815 1404; x_wconf 81' lang='lat' dir='ltr'><strong>faciat</strong></span> <span class='ocrx_word' id='word_1_102' title='bbox 829 1335 954 1389; x_wconf 85' lang='lat' dir='ltr'><strong>novitate</strong></span> <span class='ocrx_word' id='word_1_103' title='bbox 968 1352 1133 1398; x_wconf 75' lang='lat' dir='ltr'><strong>sennonem,</strong></span> 
     </span>
     <span class='ocr_line' id='line_1_13' title="bbox 112 1419 1135 1490; baseline 0.001 -17"><span class='ocrx_word' id='word_1_104' title='bbox 112 1420 188 1490; x_wconf 82' lang='lat' dir='ltr'><strong>quod</strong></span> <span class='ocrx_word' id='word_1_105' title='bbox 214 1419 322 1474; x_wconf 88' lang='lat' dir='ltr'><strong>scilicet</strong></span> <span class='ocrx_word' id='word_1_106' title='bbox 350 1421 398 1490; x_wconf 83' lang='lat' dir='ltr'><strong>qui</strong></span> <span class='ocrx_word' id='word_1_107' title='bbox 418 1419 495 1473; x_wconf 79' lang='lat' dir='ltr'><strong>ltaec</strong></span> <span class='ocrx_word' id='word_1_108' title='bbox 523 1420 611 1473; x_wconf 82' lang='lat' dir='ltr'><strong>uerba</strong></span> <span class='ocrx_word' id='word_1_109' title='bbox 640 1421 813 1489; x_wconf 73' lang='lat' dir='ltr'><strong>cognoverit,</strong></span> <span class='ocrx_word' id='word_1_110' title='bbox 844 1421 921 1473; x_wconf 83' lang='lat' dir='ltr'><strong>etin</strong></span> <span class='ocrx_word' id='word_1_111' title='bbox 943 1421 1135 1474; x_wconf 81' lang='lat' dir='ltr'><strong>coitoeorctnt</strong></span> 
     </span>
     <span class='ocr_line' id='line_1_14' title="bbox 112 1505 1135 1575; baseline 0.001 -17"><span class='ocrx_word' id='word_1_112' title='bbox 112 1505 283 1568; x_wconf 76' lang='lat' dir='ltr'><strong>meminerit,</strong></span> <span class='ocrx_word' id='word_1_113' title='bbox 313 1506 419 1575; x_wconf 82' lang='lat' dir='ltr'><strong>absque</strong></span> <span class='ocrx_word' id='word_1_114' title='bbox 445 1505 508 1559; x_wconf 85' lang='lat' dir='ltr'><strong>ello</strong></span> <span class='ocrx_word' id='word_1_115' title='bbox 529 1505 703 1558; x_wconf 76' lang='lat' dir='ltr'><strong>dubitatione</strong></span> <span class='ocrx_word' id='word_1_116' title='bbox 725 1511 852 1559; x_wconf 84' lang='lat' dir='ltr'><strong>transeat</strong></span> <span class='ocrx_word' id='word_1_117' title='bbox 874 1506 912 1558; x_wconf 87' lang='lat' dir='ltr'><strong>od</strong></span> <span class='ocrx_word' id='word_1_118' title='bbox 933 1520 1021 1575; x_wconf 75' lang='lat' dir='ltr'><strong>repca</strong></span> <span class='ocrx_word' id='word_1_119' title='bbox 1044 1506 1135 1559; x_wconf 87' lang='lat' dir='ltr'><strong>coelo·</strong></span> 
     </span>
     <span class='ocr_line' id='line_1_15' title="bbox 113 1588 1135 1655; baseline 0.002 -12"><span class='ocrx_word' id='word_1_120' title='bbox 113 1605 184 1643; x_wconf 75' lang='lat' dir='ltr'><strong>rom.</strong></span> <span class='ocrx_word' id='word_1_121' title='bbox 231 1588 429 1644; x_wconf 88' lang='lat' dir='ltr'><strong>Nicetaslib.1</strong></span> <span class='ocrx_word' id='word_1_122' title='bbox 456 1589 587 1643; x_wconf 80' lang='lat' dir='ltr'><strong>Thesauri</strong></span> <span class='ocrx_word' id='word_1_123' title='bbox 610 1588 752 1644; x_wconf 80' lang='lat' dir='ltr'><strong>Nicolaitas</strong></span> <span class='ocrx_word' id='word_1_124' title='bbox 781 1588 875 1644; x_wconf 82' lang='lat' dir='ltr'><strong>scribit</strong></span> <span class='ocrx_word' id='word_1_125' title='bbox 898 1590 1044 1645; x_wconf 89' lang='lat' dir='ltr'><strong>Prunieum</strong></span> <span class='ocrx_word' id='word_1_126' title='bbox 1072 1607 1135 1655; x_wconf 92' lang='lat' dir='ltr'><strong>mu-</strong></span> 
     </span>
     <span class='ocr_line' id='line_1_16' title="bbox 113 1672 699 1729; baseline 0 -1"><span class='ocrx_word' id='word_1_127' title='bbox 113 1672 207 1729; x_wconf 88' lang='lat' dir='ltr'><strong>lierem</strong></span> <span class='ocrx_word' id='word_1_128' title='bbox 232 1682 259 1728; x_wconf 90' lang='lat' dir='ltr'><strong>et</strong></span> <span class='ocrx_word' id='word_1_129' title='bbox 282 1673 440 1728; x_wconf 86' lang='lat' dir='ltr'><strong>Caulaucam</strong></span> <span class='ocrx_word' id='word_1_130' title='bbox 463 1682 605 1729; x_wconf 89' lang='lat' dir='ltr'><strong>veneratos</strong></span> <span class='ocrx_word' id='word_1_131' title='bbox 629 1690 699 1729; x_wconf 90' lang='lat' dir='ltr'><strong>esse.</strong></span> 
     </span>
    </p>
   </div>
   <div class='ocr_carea' id='block_1_3' title="bbox 326 1825 930 1883">
    <p class='ocr_par' dir='ltr' id='par_1_3' title="bbox 326 1825 930 1883">
     <span class='ocr_line' id='line_1_17' title="bbox 326 1825 930 1883; baseline 0.002 -2"><span class='ocrx_word' id='word_1_132' title='bbox 326 1826 368 1881; x_wconf 81' lang='lat' dir='ltr'><strong>All</strong></span> <span class='ocrx_word' id='word_1_133' title='bbox 393 1825 559 1882; x_wconf 80' lang='lat' dir='ltr'><strong>llAEllESlN</strong></span> <span class='ocrx_word' id='word_1_134' title='bbox 582 1826 658 1881; x_wconf 86' lang='lat' dir='ltr'><strong>XXVl</strong></span> <span class='ocrx_word' id='word_1_135' title='bbox 682 1825 930 1883; x_wconf 84' lang='lat' dir='ltr'><strong>GNOSTICORUM.</strong></span> 
     </span>
    </p>
   </div>
   <div class='ocr_carea' id='block_1_4' title="bbox 103 1926 1137 3702">
    <p class='ocr_par' dir='ltr' id='par_1_4' title="bbox 103 1926 1136 3702">
     <span class='ocr_line' id='line_1_18' title="bbox 200 1926 1135 2002; baseline 0.003 -20"><span class='ocrx_word' id='word_1_136' title='bbox 200 1926 392 1983; x_wconf 83' lang='lat' dir='ltr'><strong>Gnosticorum</strong></span> <span class='ocrx_word' id='word_1_137' title='bbox 421 1927 580 2000; x_wconf 87' lang='lat' dir='ltr'><strong>appellatio,</strong></span> <span class='ocrx_word' id='word_1_138' title='bbox 617 1945 697 2002; x_wconf 90' lang='lat' dir='ltr'><strong>quam</strong></span> <span class='ocrx_word' id='word_1_139' title='bbox 724 1928 900 2001; x_wconf 87' lang='lat' dir='ltr'><strong>impurissimi</strong></span> <span class='ocrx_word' id='word_1_140' title='bbox 929 1929 1135 1985; x_wconf 86' lang='lat' dir='ltr'><strong>Haereticorum</strong></span> 
     </span>
     <span class='ocr_line' id='line_1_19' title="bbox 114 2013 1135 2087; baseline 0.001 -19"><span class='ocrx_word' id='word_1_141' title='bbox 114 2021 297 2084; x_wconf 86' lang='lat' dir='ltr'><strong>usurparunt,</strong></span> <span class='ocrx_word' id='word_1_142' title='bbox 333 2013 458 2067; x_wconf 85' lang='lat' dir='ltr'><strong>eximium</strong></span> <span class='ocrx_word' id='word_1_143' title='bbox 486 2015 620 2085; x_wconf 88' lang='lat' dir='ltr'><strong>quendam</strong></span> <span class='ocrx_word' id='word_1_144' title='bbox 642 2022 723 2087; x_wconf 86' lang='lat' dir='ltr'><strong>atque</strong></span> <span class='ocrx_word' id='word_1_145' title='bbox 747 2014 909 2086; x_wconf 83' lang='lat' dir='ltr'><strong>exquisitum</strong></span> <span class='ocrx_word' id='word_1_146' title='bbox 932 2015 1012 2069; x_wconf 91' lang='lat' dir='ltr'><strong>animi</strong></span> <span class='ocrx_word' id='word_1_147' title='bbox 1035 2023 1135 2070; x_wconf 90' lang='lat' dir='ltr'><strong>statum</strong></span> 
     </span>
     <span class='ocr_line' id='line_1_20' title="bbox 113 2098 1135 2172; baseline 0.002 -20"><span class='ocrx_word' id='word_1_148' title='bbox 113 2114 142 2154; x_wconf 89' lang='lat' dir='ltr'><strong>ac</strong></span> <span class='ocrx_word' id='word_1_149' title='bbox 173 2098 324 2153; x_wconf 86' lang='lat' dir='ltr'><strong>sanctitatis</strong></span> <span class='ocrx_word' id='word_1_150' title='bbox 353 2098 500 2170; x_wconf 88' lang='lat' dir='ltr'><strong>significat,</strong></span> <span class='ocrx_word' id='word_1_151' title='bbox 530 2107 560 2154; x_wconf 94' lang='lat' dir='ltr'><strong>ut</strong></span> <span class='ocrx_word' id='word_1_152' title='bbox 594 2115 626 2153; x_wconf 85' lang='lat' dir='ltr'><strong>ex</strong></span> <span class='ocrx_word' id='word_1_153' title='bbox 654 2099 833 2153; x_wconf 83' lang='lat' dir='ltr'><strong>Alexandrino</strong></span> <span class='ocrx_word' id='word_1_154' title='bbox 857 2098 995 2154; x_wconf 83' lang='lat' dir='ltr'><strong>Clemente</strong></span> <span class='ocrx_word' id='word_1_155' title='bbox 1023 2099 1135 2172; x_wconf 90' lang='lat' dir='ltr'><strong>aliisque</strong></span> 
     </span>
     <span class='ocr_line' id='line_1_21' title="bbox 113 2176 1137 2278; baseline -0.001 -40"><span class='ocrx_word' id='word_1_156' title='bbox 113 2183 244 2255; x_wconf 81' lang='lat' dir='ltr'><strong>colligere</strong></span> <span class='ocrx_word' id='word_1_157' title='bbox 272 2183 344 2237; x_wconf 90' lang='lat' dir='ltr'><strong>licet.</strong></span> <span class='ocrx_word' id='word_1_158' title='bbox 388 2183 454 2237; x_wconf 89' lang='lat' dir='ltr'><strong>Nam</strong></span> <span class='ocrx_word' id='word_1_159' title='bbox 482 2183 554 2256; x_wconf 90' lang='lat' dir='ltr'><strong>apud</strong></span> <span class='ocrx_word' id='word_1_160' title='bbox 581 2183 655 2245; x_wconf 78' lang='lat' dir='ltr'><strong>illum</strong></span> <span class='ocrx_word' id='word_1_161' title='bbox 679 2184 793 2256; x_wconf 88' lang='lat' dir='ltr'><strong>Paedag.</strong></span> <span class='ocrx_word' id='word_1_162' title='bbox 813 2189 836 2247; x_wconf 90' lang='lat' dir='ltr'><strong>l,</strong></span> <span class='ocrx_word' id='word_1_163' title='bbox 855 2186 872 2239; x_wconf 81' lang='lat'>6</span> <span class='ocrx_word' id='word_1_164' title='bbox 901 2193 1094 2278; x_wconf 88' lang='lat' dir='ltr'><strong>opponuntur</strong></span> <span class='ocrx_word' id='word_1_165' title='bbox 1107 2176 1137 2238; x_wconf 82' lang='lat' dir='ltr'><strong>oi</strong></span> 
     </span>
     <span class='ocr_line' id='line_1_22' title="bbox 115 2256 1136 2365; baseline -0.001 -43"><span class='ocrx_word' id='word_1_166' title='bbox 115 2263 142 2323; x_wconf 88' lang='grc' dir='ltr'>Γ</span> <span class='ocrx_word' id='word_1_167' title='bbox 139 2284 285 2322; x_wconf 81' lang='grc' dir='ltr'>νωστικοι</span> <span class='ocrx_word' id='word_1_168' title='bbox 307 2270 372 2334; x_wconf 79' lang='grc' dir='ltr'><em>τοῖς</em></span> <span class='ocrx_word' id='word_1_169' title='bbox 385 2271 538 2340; x_wconf 79' lang='grc' dir='ltr'><em>ψυχικοῖς,</em></span> <span class='ocrx_word' id='word_1_170' title='bbox 563 2278 590 2324; x_wconf 90' lang='lat' dir='ltr'><strong>et</strong></span> <span class='ocrx_word' id='word_1_171' title='bbox 604 2263 801 2340; x_wconf 72' lang='grc' dir='ltr'>πνευματικοὶ</span> <span class='ocrx_word' id='word_1_172' title='bbox 817 2276 956 2331; x_wconf 88' lang='lat' dir='ltr'><strong>vocantur,</strong></span> <span class='ocrx_word' id='word_1_173' title='bbox 991 2256 1094 2322; x_wconf 76' lang='lat' dir='ltr'><strong>Orix’</strong></span> <span class='ocrx_word' id='word_1_174' title='bbox 1073 2285 1136 2365; x_wconf 80' lang='grc' dir='ltr'><strong>αρα</strong></span> 
     </span>
     <span class='ocr_line' id='line_1_23' title="bbox 112 2341 1133 2430; baseline -0.002 -24"><span class='ocrx_word' id='word_1_175' title='bbox 112 2345 140 2408; x_wconf 81' lang='lat' dir='ltr'><strong>oi</strong></span> <span class='ocrx_word' id='word_1_176' title='bbox 168 2346 229 2425; x_wconf 76' lang='grc' dir='ltr'><strong>μὲν</strong></span> <span class='ocrx_word' id='word_1_177' title='bbox 249 2348 280 2407; x_wconf 90' lang='grc' dir='ltr'>Γ</span> <span class='ocrx_word' id='word_1_178' title='bbox 279 2370 434 2422; x_wconf 64' lang='lat' dir='ltr'><strong>emortuos</strong></span> <span class='ocrx_word' id='word_1_179' title='bbox 458 2345 487 2406; x_wconf 81' lang='lat' dir='ltr'><strong>oi</strong></span> <span class='ocrx_word' id='word_1_180' title='bbox 510 2346 543 2407; x_wconf 73' lang='grc' dir='ltr'><strong>δὲ</strong></span> <span class='ocrx_word' id='word_1_181' title='bbox 564 2350 691 2426; x_wconf 78' lang='grc' dir='ltr'>ψυχικοὶ</span> <span class='ocrx_word' id='word_1_182' title='bbox 714 2349 746 2408; x_wconf 74' lang='grc' dir='ltr'><strong>ἐν</strong></span> <span class='ocrx_word' id='word_1_183' title='bbox 768 2344 852 2430; x_wconf 78' lang='grc' dir='ltr'>αὐτῳ</span> <span class='ocrx_word' id='word_1_184' title='bbox 875 2370 917 2429; x_wconf 81' lang='grc' dir='ltr'><strong>τῳ</strong></span> <span class='ocrx_word' id='word_1_185' title='bbox 940 2342 1029 2428; x_wconf 77' lang='grc' dir='ltr'><em>λόγω,</em></span> <span class='ocrx_word' id='word_1_186' title='bbox 1068 2341 1133 2405; x_wconf 77' lang='lat' dir='ltr'><strong>iill‘</strong></span> 
     </span>
     <span class='ocr_line' id='line_1_24' title="bbox 110 2410 1134 2530; baseline -0.002 -38"><span class='ocrx_word' id='word_1_187' title='bbox 110 2431 140 2493; x_wconf 78' lang='lat' dir='ltr'><strong>oi</strong></span> <span class='ocrx_word' id='word_1_188' title='bbox 170 2427 284 2503; x_wconf 78' lang='grc' dir='ltr'>πάντες</span> <span class='ocrx_word' id='word_1_189' title='bbox 311 2430 498 2509; x_wconf 73' lang='grc' dir='ltr'>ἀποθέμενοι</span> <span class='ocrx_word' id='word_1_190' title='bbox 521 2429 577 2503; x_wconf 79' lang='grc' dir='ltr'><strong>τὰς</strong></span> <span class='ocrx_word' id='word_1_191' title='bbox 598 2431 746 2530; x_wconf 76' lang='grc' dir='ltr'>σαρκικδις</span> <span class='ocrx_word' id='word_1_192' title='bbox 767 2410 995 2508; x_wconf 68' lang='grc' dir='ltr'><strong>ἐπιθυμίας,”</strong></span> <span class='ocrx_word' id='word_1_193' title='bbox 978 2453 1054 2505; x_wconf 88' lang='grc' dir='ltr'>ισοι,</span> <span class='ocrx_word' id='word_1_194' title='bbox 1084 2431 1134 2492; x_wconf 80' lang='grc' dir='ltr'><strong>καὶ</strong></span> 
     </span>
     <span class='ocr_line' id='line_1_25' title="bbox 110 2514 1134 2620; baseline -0.001 -42"><span class='ocrx_word' id='word_1_195' title='bbox 110 2517 314 2594; x_wconf 79' lang='grc' dir='ltr'>πνευματικοὶ</span> <span class='ocrx_word' id='word_1_196' title='bbox 336 2514 422 2598; x_wconf 81' lang='grc' dir='ltr'>παρὰ</span> <span class='ocrx_word' id='word_1_197' title='bbox 443 2542 486 2601; x_wconf 79' lang='grc' dir='ltr'><strong>τῳ</strong></span> <span class='ocrx_word' id='word_1_198' title='bbox 509 2517 613 2600; x_wconf 79' lang='grc' dir='ltr'><strong><em>κυρίῳ.</em></strong></span> <span class='ocrx_word' id='word_1_199' title='bbox 645 2521 727 2576; x_wconf 85' lang='lat' dir='ltr'><strong>Sed</strong></span> <span class='ocrx_word' id='word_1_200' title='bbox 721 2539 747 2576; x_wconf 89' lang='lat' dir='ltr'><strong>rn</strong></span> <span class='ocrx_word' id='word_1_201' title='bbox 764 2521 821 2576; x_wconf 90' lang='lat' dir='ltr'><strong>aliis</strong></span> <span class='ocrx_word' id='word_1_202' title='bbox 838 2538 934 2620; x_wconf 80' lang='grc' dir='ltr'><strong><em>στρω4</em></strong></span> <span class='ocrx_word' id='word_1_203' title='bbox 921 2515 1044 2594; x_wconf 71' lang='grc' dir='ltr'>μανίαν</span> <span class='ocrx_word' id='word_1_204' title='bbox 1058 2520 1134 2577; x_wconf 91' lang='lat' dir='ltr'><strong>libris</strong></span> 
     </span>
     <span class='ocr_line' id='line_1_26' title="bbox 108 2596 1135 2704; baseline 0 -40"><span class='ocrx_word' id='word_1_205' title='bbox 108 2617 140 2664; x_wconf 87' lang='lat' dir='ltr'><strong>et</strong></span> <span class='ocrx_word' id='word_1_206' title='bbox 162 2606 341 2679; x_wconf 79' lang='lat' dir='ltr'><strong>imprimisl,</strong></span> <span class='ocrx_word' id='word_1_207' title='bbox 366 2607 399 2663; x_wconf 93' lang='lat' dir='ltr'><strong>de</strong></span> <span class='ocrx_word' id='word_1_208' title='bbox 415 2607 549 2663; x_wconf 88' lang='lat' dir='ltr'><strong>Gnosticis</strong></span> <span class='ocrx_word' id='word_1_209' title='bbox 573 2615 599 2662; x_wconf 90' lang='lat' dir='ltr'><strong>et</strong></span> <span class='ocrx_word' id='word_1_210' title='bbox 616 2607 772 2704; x_wconf 78' lang='grc' dir='ltr'>γνωστικῇ</span> <span class='ocrx_word' id='word_1_211' title='bbox 795 2596 922 2678; x_wconf 81' lang='grc' dir='ltr'>δυνάμει</span> <span class='ocrx_word' id='word_1_212' title='bbox 938 2605 1061 2700; x_wconf 88' lang='lat' dir='ltr'><strong>pluribus</strong></span> <span class='ocrx_word' id='word_1_213' title='bbox 1078 2606 1135 2664; x_wconf 91' lang='lat' dir='ltr'><strong>dis-</strong></span> 
     </span>
     <span class='ocr_line' id='line_1_27' title="bbox 107 2682 1136 2767; baseline 0 -19"><span class='ocrx_word' id='word_1_214' title='bbox 107 2700 207 2765; x_wconf 89' lang='lat' dir='ltr'><strong>putat,</strong></span> <span class='ocrx_word' id='word_1_215' title='bbox 238 2692 314 2747; x_wconf 90' lang='lat' dir='ltr'><strong>euius</strong></span> <span class='ocrx_word' id='word_1_216' title='bbox 337 2688 407 2767; x_wconf 80' lang='grc' dir='ltr'><strong>τρία</strong></span> <span class='ocrx_word' id='word_1_217' title='bbox 430 2709 490 2748; x_wconf 90' lang='lat' dir='ltr'><strong>esse</strong></span> <span class='ocrx_word' id='word_1_218' title='bbox 519 2692 582 2747; x_wconf 91' lang='lat' dir='ltr'><strong>dicit</strong></span> <span class='ocrx_word' id='word_1_219' title='bbox 605 2682 852 2763; x_wconf 71' lang='grc' dir='ltr'>ἀποτελέσματαε</span> <span class='ocrx_word' id='word_1_220' title='bbox 882 2691 1008 2746; x_wconf 91' lang='lat' dir='ltr'><strong>nimirum</strong></span> <span class='ocrx_word' id='word_1_221' title='bbox 1031 2685 1065 2748; x_wconf 82' lang='lat' dir='ltr'><strong>cd</strong></span> <span class='ocrx_word' id='word_1_222' title='bbox 1086 2710 1136 2767; x_wconf 80' lang='grc' dir='ltr'><strong>γι-</strong></span> 
     </span>
     <span class='ocr_line' id='line_1_28' title="bbox 105 2765 1134 2852; baseline 0.004 -22"><span class='ocrx_word' id='word_1_223' title='bbox 105 2769 242 2834; x_wconf 75' lang='grc' dir='ltr'>νώσκιιν</span> <span class='ocrx_word' id='word_1_224' title='bbox 263 2771 302 2832; x_wconf 81' lang='grc' dir='ltr'><strong>τὰ</strong></span> <span class='ocrx_word' id='word_1_225' title='bbox 324 2769 500 2852; x_wconf 72' lang='grc' dir='ltr'>πράγματα.</span> <span class='ocrx_word' id='word_1_226' title='bbox 542 2767 698 2852; x_wconf 78' lang='grc' dir='ltr'>δευτερον,</span> <span class='ocrx_word' id='word_1_227' title='bbox 728 2770 763 2833; x_wconf 82' lang='grc' dir='ltr'><strong>τὸ</strong></span> <span class='ocrx_word' id='word_1_228' title='bbox 797 2765 984 2832; x_wconf 70' lang='lat' dir='ltr'><strong>inereiaiv‘</strong></span> <span class='ocrx_word' id='word_1_229' title='bbox 968 2795 984 2832; x_wconf 91' lang='lat' dir='ltr'><strong>o</strong></span> <span class='ocrx_word' id='word_1_230' title='bbox 1007 2796 1034 2832; x_wconf 79' lang='lat' dir='ltr'><strong>ca</strong></span> <span class='ocrx_word' id='word_1_231' title='bbox 1058 2769 1134 2834; x_wconf 69' lang='lat' dir='ltr'><strong>dvi</strong></span> 
     </span>
     <span class='ocr_line' id='line_1_29' title="bbox 103 2853 1134 2939; baseline -0.002 -21"><span class='ocrx_word' id='word_1_232' title='bbox 103 2854 205 2939; x_wconf 75' lang='grc' dir='ltr'><em>λόγος</em></span> <span class='ocrx_word' id='word_1_233' title='bbox 237 2853 517 2939; x_wconf 55' lang='lat' dir='ltr'><strong>circumscriptori</strong></span> <span class='ocrx_word' id='word_1_234' title='bbox 549 2857 654 2937; x_wconf 81' lang='grc' dir='ltr'>τρίτον</span> <span class='ocrx_word' id='word_1_235' title='bbox 681 2855 715 2917; x_wconf 82' lang='grc' dir='ltr'><strong>τὸ</strong></span> <span class='ocrx_word' id='word_1_236' title='bbox 743 2856 948 2935; x_wconf 79' lang='grc' dir='ltr'>παραδιδόναι</span> <span class='ocrx_word' id='word_1_237' title='bbox 979 2855 1134 2918; x_wconf 72' lang='grc' dir='ltr'>δύνασθαι</span> 
     </span>
     <span class='ocr_line' id='line_1_30' title="bbox 105 2940 1134 3026; baseline -0.002 -22"><span class='ocrx_word' id='word_1_238' title='bbox 105 2947 298 3023; x_wconf 75' lang='grc' dir='ltr'><strong><em>θεοπρεπῶς</em></strong></span> <span class='ocrx_word' id='word_1_239' title='bbox 330 2942 369 3004; x_wconf 80' lang='grc' dir='ltr'><strong>τὰ</strong></span> <span class='ocrx_word' id='word_1_240' title='bbox 401 2941 487 3025; x_wconf 80' lang='grc' dir='ltr'>παρὰ</span> <span class='ocrx_word' id='word_1_241' title='bbox 515 2948 553 3024; x_wconf 82' lang='grc' dir='ltr'><strong>τῇ</strong></span> <span class='ocrx_word' id='word_1_242' title='bbox 584 2940 718 3026; x_wconf 74' lang='grc' dir='ltr'>αληθειά</span> <span class='ocrx_word' id='word_1_243' title='bbox 751 2940 1001 3022; x_wconf 73' lang='grc' dir='ltr'>ἕπικεκραμμένα.</span> <span class='ocrx_word' id='word_1_244' title='bbox 1045 2948 1134 3015; x_wconf 84' lang='lat' dir='ltr'><strong>Quare</strong></span> 
     </span>
     <span class='ocr_line' id='line_1_31' title="bbox 104 3031 1134 3104; baseline -0.004 -15"><span class='ocrx_word' id='word_1_245' title='bbox 104 3031 239 3089; x_wconf 76' lang='lat' dir='ltr'><strong>Gnostici</strong></span> <span class='ocrx_word' id='word_1_246' title='bbox 266 3040 330 3087; x_wconf 92' lang='lat' dir='ltr'><strong>sunt</strong></span> <span class='ocrx_word' id='word_1_247' title='bbox 353 3033 476 3088; x_wconf 88' lang='lat' dir='ltr'><strong>homines</strong></span> <span class='ocrx_word' id='word_1_248' title='bbox 497 3031 617 3104; x_wconf 88' lang='lat' dir='ltr'><strong>perlecta</strong></span> <span class='ocrx_word' id='word_1_249' title='bbox 640 3049 671 3087; x_wconf 92' lang='lat' dir='ltr'><strong>ac</strong></span> <span class='ocrx_word' id='word_1_250' title='bbox 694 3031 824 3104; x_wconf 77' lang='lat' dir='ltr'><strong>singulari</strong></span> <span class='ocrx_word' id='word_1_251' title='bbox 845 3032 959 3104; x_wconf 88' lang='lat' dir='ltr'><strong>quadam</strong></span> <span class='ocrx_word' id='word_1_252' title='bbox 982 3033 1080 3086; x_wconf 89' lang='lat' dir='ltr'><strong>virtute</strong></span> <span class='ocrx_word' id='word_1_253' title='bbox 1103 3047 1134 3085; x_wconf 91' lang='lat' dir='ltr'><strong>ac</strong></span> 
     </span>
     <span class='ocr_line' id='line_1_32' title="bbox 103 3115 1135 3190; baseline -0.003 -16"><span class='ocrx_word' id='word_1_254' title='bbox 103 3117 265 3174; x_wconf 86' lang='lat' dir='ltr'><strong>divinarum</strong></span> <span class='ocrx_word' id='word_1_255' title='bbox 287 3134 378 3172; x_wconf 88' lang='lat' dir='ltr'><strong>rerum</strong></span> <span class='ocrx_word' id='word_1_256' title='bbox 401 3118 512 3173; x_wconf 83' lang='lat' dir='ltr'><strong>scientia</strong></span> <span class='ocrx_word' id='word_1_257' title='bbox 534 3117 662 3190; x_wconf 90' lang='lat' dir='ltr'><strong>praediti:</strong></span> <span class='ocrx_word' id='word_1_258' title='bbox 690 3134 740 3171; x_wconf 90' lang='lat' dir='ltr'><strong>nec</strong></span> <span class='ocrx_word' id='word_1_259' title='bbox 763 3133 793 3172; x_wconf 88' lang='lat' dir='ltr'><strong>ea</strong></span> <span class='ocrx_word' id='word_1_260' title='bbox 816 3117 925 3189; x_wconf 91' lang='lat' dir='ltr'><strong>quidem</strong></span> <span class='ocrx_word' id='word_1_261' title='bbox 946 3115 1063 3187; x_wconf 89' lang='lat' dir='ltr'><strong>vulgari,</strong></span> <span class='ocrx_word' id='word_1_262' title='bbox 1086 3116 1135 3171; x_wconf 86' lang='lat' dir='ltr'><strong>sed</strong></span> 
     </span>
     <span class='ocr_line' id='line_1_33' title="bbox 103 3199 1136 3274; baseline -0.005 -16"><span class='ocrx_word' id='word_1_263' title='bbox 103 3202 243 3258; x_wconf 79' lang='lat' dir='ltr'><strong>abstrusa</strong></span> <span class='ocrx_word' id='word_1_264' title='bbox 265 3218 296 3257; x_wconf 90' lang='lat' dir='ltr'><strong>ac</strong></span> <span class='ocrx_word' id='word_1_265' title='bbox 317 3202 466 3258; x_wconf 90' lang='lat' dir='ltr'><strong>recondita.</strong></span> <span class='ocrx_word' id='word_1_266' title='bbox 515 3202 589 3257; x_wconf 92' lang='lat' dir='ltr'><strong>Unde</strong></span> <span class='ocrx_word' id='word_1_267' title='bbox 612 3202 659 3274; x_wconf 87' lang='lat' dir='ltr'><strong>qui</strong></span> <span class='ocrx_word' id='word_1_268' title='bbox 680 3219 696 3256; x_wconf 93' lang='lat' dir='ltr'><strong>a</strong></span> <span class='ocrx_word' id='word_1_269' title='bbox 717 3200 835 3264; x_wconf 87' lang='lat' dir='ltr'><strong>Nicolao,</strong></span> <span class='ocrx_word' id='word_1_270' title='bbox 858 3199 980 3262; x_wconf 88' lang='lat' dir='ltr'><strong>Basilide,</strong></span> <span class='ocrx_word' id='word_1_271' title='bbox 1005 3199 1136 3255; x_wconf 88' lang='lat' dir='ltr'><strong>eaeteris-</strong></span> 
     </span>
     <span class='ocr_line' id='line_1_34' title="bbox 106 3283 1135 3361; baseline -0.003 -19"><span class='ocrx_word' id='word_1_272' title='bbox 106 3303 170 3361; x_wconf 73' lang='lat' dir='ltr'><strong>que</strong></span> <span class='ocrx_word' id='word_1_273' title='bbox 192 3286 334 3359; x_wconf 89' lang='lat' dir='ltr'><strong>propagati</strong></span> <span class='ocrx_word' id='word_1_274' title='bbox 357 3303 467 3342; x_wconf 88' lang='lat' dir='ltr'><strong>arcanas</strong></span> <span class='ocrx_word' id='word_1_275' title='bbox 486 3287 615 3361; x_wconf 91' lang='lat' dir='ltr'><strong>quasdam</strong></span> <span class='ocrx_word' id='word_1_276' title='bbox 631 3299 727 3359; x_wconf 90' lang='lat' dir='ltr'><strong>nugas,</strong></span> <span class='ocrx_word' id='word_1_277' title='bbox 751 3294 779 3341; x_wconf 92' lang='lat' dir='ltr'><strong>et</strong></span> <span class='ocrx_word' id='word_1_278' title='bbox 794 3284 941 3340; x_wconf 81' lang='lat' dir='ltr'><strong>execranda</strong></span> <span class='ocrx_word' id='word_1_279' title='bbox 956 3283 1048 3338; x_wconf 89' lang='lat' dir='ltr'><strong>neseio</strong></span> <span class='ocrx_word' id='word_1_280' title='bbox 1065 3299 1135 3356; x_wconf 91' lang='lat' dir='ltr'><strong>quae</strong></span> 
     </span>
     <span class='ocr_line' id='line_1_35' title="bbox 112 3361 1136 3445; baseline -0.003 -19"><span class='ocrx_word' id='word_1_281' title='bbox 112 3371 255 3445; x_wconf 83' lang='lat' dir='ltr'><strong>figmenta,</strong></span> <span class='ocrx_word' id='word_1_282' title='bbox 278 3371 352 3426; x_wconf 86' lang='lat' dir='ltr'><strong>velut</strong></span> <span class='ocrx_word' id='word_1_283' title='bbox 374 3371 514 3445; x_wconf 84' lang='lat' dir='ltr'><strong>Mysteria,</strong></span> <span class='ocrx_word' id='word_1_284' title='bbox 539 3372 692 3436; x_wconf 88' lang='lat' dir='ltr'><strong>traderent,</strong></span> <span class='ocrx_word' id='word_1_285' title='bbox 719 3367 747 3424; x_wconf 90' lang='grc' dir='ltr'>Γ</span> <span class='ocrx_word' id='word_1_286' title='bbox 746 3361 911 3435; x_wconf 82' lang='grc' dir='ltr'>νωστικοδς</span> <span class='ocrx_word' id='word_1_287' title='bbox 932 3385 961 3423; x_wconf 93' lang='lat' dir='ltr'><strong>se</strong></span> <span class='ocrx_word' id='word_1_288' title='bbox 983 3367 1015 3422; x_wconf 75' lang='lat' dir='ltr'><strong>alt</strong></span> <span class='ocrx_word' id='word_1_289' title='bbox 1040 3369 1136 3440; x_wconf 81' lang='lat' dir='ltr'><strong>enqui-</strong></span> 
     </span>
     <span class='ocr_line' id='line_1_36' title="bbox 110 3454 1132 3525; baseline -0.002 -15"><span class='ocrx_word' id='word_1_290' title='bbox 110 3457 167 3511; x_wconf 80' lang='lat' dir='ltr'><strong>sita</strong></span> <span class='ocrx_word' id='word_1_291' title='bbox 190 3455 235 3510; x_wconf 92' lang='lat' dir='ltr'><strong>illa</strong></span> <span class='ocrx_word' id='word_1_292' title='bbox 257 3473 348 3512; x_wconf 88' lang='lat' dir='ltr'><strong>rerum</strong></span> <span class='ocrx_word' id='word_1_293' title='bbox 370 3456 560 3513; x_wconf 89' lang='lat' dir='ltr'><strong>altissimarum</strong></span> <span class='ocrx_word' id='word_1_294' title='bbox 582 3457 677 3512; x_wconf 90' lang='lat' dir='ltr'><strong>notitia</strong></span> <span class='ocrx_word' id='word_1_295' title='bbox 700 3455 751 3511; x_wconf 92' lang='lat' dir='ltr'><strong>dici</strong></span> <span class='ocrx_word' id='word_1_296' title='bbox 766 3454 918 3510; x_wconf 90' lang='lat' dir='ltr'><strong>voluerunt.</strong></span> <span class='ocrx_word' id='word_1_297' title='bbox 949 3455 1132 3525; x_wconf 78' lang='lat' dir='ltr'><strong>Augustinus:</strong></span> 
     </span>
     <span class='ocr_line' id='line_1_37' title="bbox 115 3539 1132 3614; baseline -0.002 -18"><span class='ocrx_word' id='word_1_298' title='bbox 115 3539 248 3596; x_wconf 78' lang='lat' dir='ltr'><strong>Gnostici</strong></span> <span class='ocrx_word' id='word_1_299' title='bbox 266 3549 384 3614; x_wconf 86' lang='lat' dir='ltr'><strong>propter</strong></span> <span class='ocrx_word' id='word_1_300' title='bbox 406 3542 599 3597; x_wconf 73' lang='lat' dir='ltr'><strong>excellentiam</strong></span> <span class='ocrx_word' id='word_1_301' title='bbox 618 3542 753 3596; x_wconf 79' lang='lat' dir='ltr'><strong>scientiae</strong></span> <span class='ocrx_word' id='word_1_302' title='bbox 776 3541 816 3595; x_wconf 85' lang='lat' dir='ltr'><strong>sic</strong></span> <span class='ocrx_word' id='word_1_303' title='bbox 837 3555 868 3594; x_wconf 87' lang='lat' dir='ltr'><strong>se</strong></span> <span class='ocrx_word' id='word_1_304' title='bbox 890 3539 1048 3611; x_wconf 84' lang='lat' dir='ltr'><strong>appellatos</strong></span> <span class='ocrx_word' id='word_1_305' title='bbox 1065 3555 1132 3605; x_wconf 86' lang='lat' dir='ltr'><strong>esse,</strong></span> 
     </span>
     <span class='ocr_line' id='line_1_38' title="bbox 114 3625 1134 3702; baseline 0 -22"><span class='ocrx_word' id='word_1_306' title='bbox 114 3626 162 3681; x_wconf 84' lang='lat' dir='ltr'><strong>cel</strong></span> <span class='ocrx_word' id='word_1_307' title='bbox 185 3627 329 3698; x_wconf 77' lang='lat' dir='ltr'><strong>appellari</strong></span> <span class='ocrx_word' id='word_1_308' title='bbox 350 3627 478 3683; x_wconf 79' lang='lat' dir='ltr'><strong>debuisse</strong></span> <span class='ocrx_word' id='word_1_309' title='bbox 498 3627 667 3697; x_wconf 71' lang='lat' dir='ltr'><strong>gloriantur.</strong></span> <span class='ocrx_word' id='word_1_310' title='bbox 697 3625 774 3699; x_wconf 82' lang='lat' dir='ltr'><strong>Apud</strong></span> <span class='ocrx_word' id='word_1_311' title='bbox 797 3625 937 3683; x_wconf 89' lang='lat' dir='ltr'><strong>Socratem</strong></span> <span class='ocrx_word' id='word_1_312' title='bbox 959 3625 1046 3702; x_wconf 69' lang='lat' dir='ltr'><strong>«tlt,</strong></span> <span class='ocrx_word' id='word_1_313' title='bbox 1070 3625 1134 3681; x_wconf 87' lang='lat' dir='ltr'><strong>alias</strong></span> 
     </span>
    </p>
   </div>
   <div class='ocr_carea' id='block_1_5' title="bbox 169 3720 986 3832">
    <p class='ocr_par' dir='ltr' id='par_1_5' title="bbox 169 3720 986 3832">
     <span class='ocr_line' id='line_1_39' title="bbox 169 3720 986 3774; baseline -0.001 -12"><span class='ocrx_word' id='word_1_314' title='bbox 169 3720 314 3774; x_wconf 79' lang='lat' dir='ltr'><strong>Epiphanius.</strong></span> <span class='ocrx_word' id='word_1_315' title='bbox 339 3720 363 3764; x_wconf 84' lang='lat' dir='ltr'><strong>V.</strong></span> <span class='ocrx_word' id='word_1_316' title='bbox 970 3722 986 3773; x_wconf 70' lang='lat'><strong>⁶</strong></span> 
     </span>
     <span class='ocr_line' id='line_1_40' title="bbox 830 3793 847 3832; baseline 0 0"><span class='ocrx_word' id='word_1_317' title='bbox 830 3793 847 3832; x_wconf 65' lang='grc' dir='ltr'><strong><em>ο</em></strong></span> 
     </span>
    </p>
   </div>
   <div class='ocr_carea' id='block_1_6' title="bbox 0 0 1272 4154">
    <p class='ocr_par' dir='ltr' id='par_1_6' title="bbox 0 0 1272 4154">
     <span class='ocr_line' id='line_1_41' title="bbox 0 0 1272 4154; baseline 0 1"><span class='ocrx_word' id='word_1_318' title='bbox 0 0 1272 4154; x_wconf 95' lang='lat' dir='ltr'><strong> </strong></span> 
     </span>
    </p>
   </div>
  </div>
 </body>
</html>
