2534 4154
466 316 755 367 antitanveasrones.
1079 305 1119 366 27

115 476 152 538 13,
170 477 198 530 4.
235 471 310 527 Nam
339 488 408 543 quos
438 487 473 526 aa
494 473 530 527 t't's
552 472 654 527 maeri
675 472 799 528 Deorum
820 475 959 537 diaarnus,
983 474 1120 543 chydaeos
1176 485 1178 489 ·

108 559 258 631 appellauit
279 558 398 621 Iudaea,
420 573 488 627 oeae
511 559 680 619 contumelia
701 561 844 613 numinum
866 560 993 630 testatus.

192 646 226 699 19
244 660 267 698 e.
300 636 350 697 aad
374 633 408 697 τὸ
431 637 632 714 dmaoaoam]
656 642 721 698 Nam
739 643 801 699 libri
817 645 870 699 duo
886 644 988 716 Regum
1005 645 1119 716 priores,

104 746 168 802 quos
185 727 318 783 Samuelis
342 735 446 789 vorant,
461 727 595 783 ‘volumen
618 744 701 782 uuum
724 729 909 785 constituunt:
933 730 1051 801 itemque
1066 730 1121 785 lle-

103 830 163 887 gmn
187 813 241 867 duo
264 813 430 884 posteriores
453 829 546 867 unum.
578 812 645 866 Tum
667 812 736 868 liber
751 814 823 869 Ruth
839 831 900 870 eum
916 814 1035 870 ludiemn
1050 814 1120 869 libro

97 899 228 954 uolumen
258 897 366 952 unieum
390 895 461 951 lacit.
508 896 552 952 Sie
574 906 602 952 et
623 897 685 953 libri
708 898 930 972 Paralipomenon
955 900 1024 963 aluo,
1054 899 1121 955 toti-

103 984 218 1055 demque
240 981 349 1043 Esdrae,
374 980 479 1053 singula
502 981 573 1054 apud
589 981 726 1037 Hebraeos
750 983 883 1039 volumina
906 985 1015 1040 laoinnt.
1047 985 1119 1041 lta5

103 1067 244 1142 expunctis
267 1065 456 1131 voluminibus,
481 1075 587 1122 constat
604 1068 642 1123 22
658 1066 790 1122 librorum
805 1086 945 1124 numerus.
975 1069 1040 1124 Vide
1055 1069 1121 1125 Hie-

102 1170 161 1209 ron.
186 1152 215 1207 in
230 1151 348 1223 Prologo
365 1150 489 1214 Galeam,
516 1150 642 1224 Gyrillum
654 1151 767 1208 datach.
785 1156 803 1210 4
826 1153 926 1210 Euselr.
942 1153 1011 1209 Hist.
1030 1156 1056 1217 6,
1074 1156 1119 1212 to.

188 1239 227 1293 20
244 1235 272 1292 b.
302 1227 369 1310 ἣτις
389 1226 477 1310 ψυχὴ
500 1228 555 1290 οὐκ
574 1227 749 1309 ἀκούσεται]
774 1238 849 1294 Solet
871 1239 1031 1311 plerumque
1047 1239 1121 1295 Sori-

104 1331 198 1396 pturae
222 1320 302 1376 verba
323 1337 379 1376 non
402 1319 511 1386 iisdem,
537 1319 635 1393 quibus
658 1332 789 1395 concepta
812 1332 890 1387 sunt,
915 1323 998 1379 citare
1021 1323 1118 1388 verius

103 1408 147 1465 sod
169 1405 334 1471 immutatis3
358 1413 389 1460 nt
411 1406 463 1461 hoe
485 1405 546 1461 loeo
570 1406 669 1461 laetum
694 1416 743 1463 est.

188 1493 269 1550 21³.
299 1481 534 1562 βασιλευόμεναι
563 1482 624 1546 ὑπὸ
646 1493 701 1548 τοῦ
719 1482 896 1566 Ἶεροβοάμ]
934 1492 1052 1547 Samaria
1075 1508 1121 1547 re·
1190 1531 1193 1535 -

103 1577 189 1650 gionis
213 1577 348 1631 interdurn
364 1591 464 1630 noman
480 1584 536 1640 est,
561 1576 695 1632 interdurn
712 1577 812 1649 oppidi.
843 1576 929 1631 Priori
945 1576 1024 1632 modo
1041 1577 1121 1631 otiam

103 1671 163 1718 ante
187 1661 322 1717 conditam
346 1651 491 1716 Samariam
515 1669 664 1733 usurpatur
687 1664 714 1718 3.
732 1662 797 1734 Reg.
822 1679 879 1734 eap.
901 1664 946 1724 13,
965 1663 1013 1718 32.
1051 1661 1121 1716 Pro-

103 1747 173 1819 scoto
199 1747 272 1801 enim
293 1747 385 1800 ueniet
406 1761 512 1809 sarrae,
542 1762 623 1816 quem
641 1748 788 1818 praedixit
809 1748 840 1801 ia
861 1762 987 1801 sermone
1009 1746 1122 1802 Domino

102 1841 202 1889 anatra
224 1832 325 1896 altare,
349 1832 423 1901 quod
445 1839 486 1884 est
508 1831 539 1886 in
561 1831 667 1895 uertet,
692 1840 717 1887 ot
740 1839 839 1886 eontra
862 1834 957 1886 omnia
978 1833 1051 1903 sana
1073 1848 1121 1886 eu·
1210 1839 1212 1842 ’

104 1919 255 1980 maumam,
285 1931 357 1988 quae
384 1923 448 1971 suat
476 1917 506 1971 t‘n
528 1917 644 1971 aretoas
667 1916 827 1972 Samariae.
872 1919 905 1971 at
928 1934 985 1989 oap.
1008 1920 1053 1979 16,
1072 1919 1121 1973 24.

103 2002 175 2057 dmri
198 2018 245 2056 rex
268 2001 373 2056 israelis
396 2001 461 2054 emit
481 2009 600 2055 montem
622 2001 773 2058 Samariae
796 2020 815 2057 a
829 2001 927 2058 Sontas
949 2004 1056 2058 duobus
1080 2010 1122 2056 ta-

104 2087 185 2143 lentis
209 2087 334 2155 arpenti:
357 2093 384 2139 et
406 2086 567 2157 aedificavit
589 2103 664 2150 aaut,
689 2096 715 2142 et
735 2089 847 2142 uocauit
868 2104 968 2142 nomen
990 2089 1121 2151 ciuitatis,

104 2187 187 2244 mm
216 2176 395 2234 eatruaerat,
427 2171 540 2225 nomiae
567 2170 664 2227 Samen
691 2174 796 2228 domiai
822 2173 923 2227 montis
952 2171 1121 2228 Samariam.

102 2257 178 2330 Apud
202 2255 381 2328 Epiphaniam
404 2272 469 2327 ergo
492 2256 560 2311 ratio
584 2257 704 2327 postulat
736 2266 767 2312 ut
789 2256 907 2312 Samaria
930 2257 1048 2328 regionis
1071 2273 1123 2328 po-

104 2341 157 2397 tius
180 2357 260 2413 quam
284 2339 375 2412 oppidi
397 2339 556 2396 vocabulum
580 2341 623 2396 sit.
665 2341 788 2396 Nondum
812 2342 882 2397 enirn
898 2340 1055 2396 leroboamo
1077 2358 1123 2395 re-

104 2435 203 2498 gnante
227 2425 333 2480 condita
357 2434 415 2480 erat
437 2425 565 2481 Samaria.
603 2425 636 2481 Et
657 2434 747 2481 tamen
771 2442 831 2481 carin
856 2425 1048 2498 Hierosolymis
1071 2442 1123 2497 op-

104 2521 229 2584 ponatur,
253 2527 303 2582 pro
327 2510 426 2582 oppido
449 2510 519 2564 sumi
541 2509 656 2566 videtur.

190 2595 271 2651 2111.
301 2585 418 2661 Ἰωσίας
436 2586 589 2668 Ἰεχονίαν,
612 2586 664 2650 τὸν
685 2592 734 2650 καὶ
758 2584 894 2668 Σελούμ]
925 2593 1014 2651 llultis
1037 2595 1122 2651 modis

104 2679 237 2754 implicata
266 2688 293 2736 et
319 2679 435 2735 oltsoura
458 2689 500 2735 est
520 2688 721 2752 postremorum
736 2679 824 2736 ludae
847 2680 954 2753 Regum
976 2680 1122 2745 successio,

108 2782 184 2839 quant
213 2764 411 2838 impeditiorem
440 2765 503 2820 saoit
529 2765 654 2820 Matthaei
682 2765 850 2838 genealogia.
894 2765 949 2822 Nos
977 2774 1124 2838 utrumque

106 2850 206 2908 nodum
229 2849 347 2906 breviter
369 2850 504 2906 hocloco
527 2849 715 2906 dissolvamus.
746 2851 829 2906 losias
844 2852 929 2907 duran
953 2850 1024 2906 filius
1047 2850 1124 2922 regni

105 2933 237 2995 haeredes
252 2934 322 2991 filios
338 2933 434 2991 hahuit
449 2935 558 2991 omniuo
575 2944 641 3000 tros,
665 2943 696 2991 nt
712 2953 743 2991 ex
761 2940 778 2992 4
795 2935 861 3008 Rog.
878 2944 993 2993 eonstat.
1017 2935 1123 2989 Primus

106 3029 168 3094 post
190 3020 310 3092 parentis
333 3030 449 3076 mortem
471 3020 591 3092 regnavit
607 3021 719 3076 loaohaa
734 3019 874 3076 mensibus
890 3020 991 3077 trihus:
1016 3023 1043 3075 4.
1057 3018 1121 3089 Reg.

108 3106 155 3171 23,
175 3107 224 3170 30,
254 3104 301 3178 qui
324 3115 351 3161 et
373 3104 513 3160 lechonias
535 3105 561 3159 in
585 3106 740 3178 apocrypho
762 3105 863 3161 Esdrae
886 3104 954 3161 liliro
979 3103 1059 3158 tertio
1082 3101 1124 3155 di-

106 3190 185 3254 citur,
209 3206 268 3261 eap.
289 3192 314 3254 1,
333 3192 382 3247 34.
412 3189 558 3262 Perperam
582 3191 651 3246 enirn
668 3189 836 3245 Maldenatus
858 3199 952 3245 noster
975 3186 1047 3242 idad
1063 3187 1124 3242 loa-

105 3275 156 3332 aim
183 3274 402 3330 accommodarit.
433 3274 575 3330 Secundus
599 3283 641 3330 est
662 3274 771 3339 loalrim,
795 3274 841 3346 qui
864 3283 891 3328 et
912 3273 1021 3328 Eliaeim
1044 3287 1124 3328 voea-

105 3368 149 3416 tns
173 3366 224 3422 est,
250 3363 278 3415 4.
302 3359 368 3432 Reg.
392 3376 450 3433 oap.
469 3361 518 3423 23,
537 3362 585 3424 34,
610 3360 656 3432 qui
679 3374 764 3417 annos
787 3358 909 3430 regnavit
935 3360 981 3413 11.
1018 3356 1123 3411 Tertius

105 3443 156 3501 tuit
180 3443 321 3510 Sedeeias;
347 3452 409 3500 ante
433 3461 514 3519 quern
536 3445 662 3510 loaehiu,
686 3444 741 3500 sive
763 3443 903 3498 leelronias
925 3441 1031 3498 loaeimi
1054 3441 1124 3497 filius

106 3528 194 3585 tubus
217 3528 357 3585 mensibus
379 3529 534 3602 imperavit:
559 3532 676 3603 eap.24,
689 3532 736 3585 17.
762 3530 795 3582 At
822 3530 846 3583 1.
864 3526 949 3582 Paral.
967 3530 1062 3599 eap.3,
1078 3529 1123 3584 15.

106 3613 192 3671 lasiae
213 3613 261 3670 filit
283 3615 458 3670 nominantur
479 3624 611 3689 quatuor,
645 3614 787 3675 lulianam,
812 3612 926 3677 lankim,
950 3611 1075 3668 Sedeeias
1098 3621 1125 3667 ot
