2534 4154
424 351 758 402 auruaoraasrouus.
1063 337 1128 400 213

105 507 226 583 gressio,
250 508 342 575 multo
370 507 471 564 certitu
501 525 545 563 er
553 507 692 564 Athanasii
725 507 832 593 scriptis
861 517 944 603 atque
967 524 998 564 aa
1019 507 1130 564 Nicaeui

107 592 218 649 Concilii
233 592 373 666 synodicis
395 592 480 648 literis
503 592 616 665 intelligi
637 601 739 666 potest.
755 578 833 649 Vide
856 593 967 648 omnino
990 608 1060 667 quae
1075 592 1131 648 illic

104 695 120 736 a
141 678 260 733 baronio
281 678 482 734 accuratissime
505 677 687 751 disputantur.

107 804 110 809 ·
194 761 298 819 lllb.
327 763 418 818 τοῦτο
446 756 505 839 γὰρ
535 755 645 828 {Hauc
631 757 694 818 εστὶ
716 755 823 818 τὸνέν
806 781 882 860 ντῃ
869 754 1127 858 Ἀλεξανδρείᾳ]

105 847 179 904 ste
173 865 200 902 m
223 860 353 920 magdol
343 847 460 904 Nicaeno
484 847 603 903 Concilio
628 847 691 902 Can.
709 849 742 903 6;
771 841 811 902 τὰ
834 839 948 923 ἀρχαῖα
969 841 1028 920 iba
1051 864 1128 920 apot-

103 927 194 990 velem
216 925 255 988 τὰ
278 927 309 988 ἐν
329 925 497 1010 Αἰγύπτῳ,
526 927 576 987 καὶ
598 925 727 1009 Λιβύῃ,
749 930 798 988 καὶ
821 922 1074 1034 Heprundlec,“
1049 947 1127 988 crore

103 1011 160 1075 τὸν
188 1012 219 1072 ἐν
239 1009 461 1112 Ἀλεξανδρεία.
472 1010 661 1072 Ἐπίικιιιιιν
680 1010 805 1072 πάντων
831 1011 949 1072 τούτων
970 1010 1048 1090 ἔχειν
1073 1011 1131 1091 τὴν

105 1096 258 1170 ἐξουσίαν.
287 1102 402 1159 Porro
397 1102 477 1157 iniis
500 1101 645 1174 provinciis
661 1101 844 1165 recensendis,
868 1119 937 1174 quae
953 1102 1128 1158 Alexandriae

105 1187 328 1251 corruibuuntur,
351 1186 617 1243 animadvertendum
640 1197 682 1242 est
705 1187 833 1260 distingui
859 1186 892 1241 ab
908 1187 1057 1259 Epiphanio
1073 1181 1131 1261 τὴν

105 1264 287 1348 Μαρεώιην
303 1281 336 1328 -ct
357 1265 413 1346 τὴν
434 1265 637 1345 Mammula.
681 1272 853 1327 Ptolemaeus
876 1272 893 1326 l.
912 1276 927 1327 4
953 1271 1127 1327 Mareotidem

105 1365 134 1415 el
156 1357 319 1412 llaracotam
348 1357 384 1412 ita
412 1356 556 1420 disceruit,
586 1367 616 1413 ιιι
644 1357 786 1413 llaraeotis
815 1355 943 1428 oppidum
973 1356 1009 1410 sit
1030 1355 1128 1428 libyae

105 1441 235 1506 llorniclis,
259 1441 330 1496 baud
353 1442 448 1514 procul
471 1441 504 1497 ab
522 1442 626 1497 Oasite:
650 1451 677 1498 at
698 1433 910 1516 ὁΜιιρεώιης
932 1441 1066 1513 provincia
1082 1441 1127 1506 sit,
1215 1497 1217 1501 ,

106 1528 162 1587 sive
186 1527 287 1582 Nomos
309 1544 340 1582 ac
364 1525 530 1599 praefectura
553 1527 586 1581 ad
609 1527 732 1591 Mariam,
756 1526 811 1582 sive
832 1525 1006 1581 llareotidem
1029 1524 1128 1590 lacum,

106 1629 179 1687 quae
201 1612 227 1666 in
243 1615 365 1684 Aegypto
389 1621 525 1667 censetur.
556 1612 658 1667 Plinius
682 1628 744 1667 vero
760 1611 893 1666 llareotas
908 1610 981 1666 velut
997 1611 1128 1683 populum

105 1697 271 1775 quendam
265 1714 292 1751 m
314 1696 461 1752 Mareotide
483 1696 564 1769 Libya
586 1696 702 1752 collocat
726 1699 755 1760 b,
771 1698 800 1752 6.

196 1785 295 1838 7Ῑ7ι.
326 1774 553 1856 accommodatae
575 1765 629 1836 οὖν
650 1801 700 1837 και
693 1774 879 1875 θύσαντες]
908 1780 1046 1835 Tametsi
1040 1797 1129 1852 impe-

105 1865 219 1925 trandae
241 1866 424 1939 poenitentiae
446 1883 541 1922 caussa
563 1865 596 1921 ad
612 1866 767 1940 llartyres
761 1866 858 1922 iccirco
873 1865 1030 1938 confugisse
1045 1865 1129 1921 videri

105 1951 228 2026 possint,
260 1951 333 2023 quod
356 1951 435 2005 iidem
458 1951 494 2006 illi
517 1951 644 2024 Episcopi
668 1953 773 2015 locent,
802 1969 816 2006 a
840 1949 939 2024 quibus
962 1950 988 2005 id
1011 1950 1129 2020 obtineri

106 2035 215 2099 debuit
245 2035 420 2091 nibilominus
449 2045 567 2093 veterem
596 2037 629 2092 ad
654 2037 736 2093 ritum
760 2035 882 2093 fortassis
904 2036 977 2091 istud
1000 2037 1127 2108 pertinet,

82 2137 162 2196 ³quo
189 2120 281 2193 lapsos
310 2120 342 2176 ad
365 2120 495 2194 Martyres
523 2121 621 2178 adiisse
650 2122 767 2204 scimus,
799 2130 829 2177 ut
858 2121 929 2176 ab''
914 2139 946 2176 us
968 2119 1074 2176 libellos
1097 2138 1129 2176 ac

105 2206 200 2262 literas
223 2205 255 2261 ad
270 2205 367 2260 Antist
349 2213 412 2261 tates
435 2215 569 2279 peterent,
593 2224 710 2280 quorum
732 2205 894 2262 beneficio
889 2223 915 2260 m
931 2205 1068 2276 integrum
1082 2223 1130 2261 re

106 2289 364 2348 saraceniscus
387 2290 485 2362 quibus
508 2291 638 2364 frequens
660 2300 702 2347 est
724 2290 796 2364 apud
820 2289 990 2362 Cyprianum,
1014 2288 1127 2344 Tertull.

105 2392 137 2432 ac
160 2384 282 2432 caeteros
306 2379 417 2431 mentio.

195 2462 256 2518 718
271 2478 295 2516 a.
326 2451 361 2515 οὐ
383 2453 446 2534 μὴν
464 2455 515 2514 ἵνα
538 2452 665 2525 ἕκαστος
687 2454 837 2534 delicium]
870 2457 966 2512 Clerici
981 2467 1044 2529 post
1060 2474 1129 2530 poe·

106 2544 247 2605 nitentium
271 2543 405 2618 publicam
434 2544 468 2599 ad
491 2543 713 2600 communionem
736 2543 841 2599 Laicam
864 2559 1058 2616 nonuunquam
1081 2560 1129 2598 re-

106 2629 187 2688 dacti.
218 2629 288 2685 Alias
311 2631 416 2686 bonore
439 2646 470 2686 ac
491 2629 621 2703 dignitate
643 2629 723 2692 salva,
746 2627 780 2684 ab
805 2627 878 2683 omni
900 2627 1038 2683 lunatione
1057 2628 1130 2685 dun·

105 2722 180 2773 taxat
202 2723 230 2770 et
251 2715 484 2771 administratione
506 2713 633 2770 summoti
649 2723 724 2769 sunt.
752 2717 924 2786 ancyranum
940 2711 1022 2768 Conc.
1035 2712 1125 2772 (lani

105 2798 287 2872 Presbyteros
310 2799 484 2865 sacrificatus,
508 2799 554 2872 qui
576 2808 672 2873 postea
690 2799 722 2854 ad
737 2808 874 2855 certamen
891 2797 1029 2864 redierint,
1053 2798 1130 2856 iubet

104 2886 162 2960 τῆς
182 2879 238 2956 μὲν
258 2885 349 2958 τιμῆς
369 2886 424 2958 τῆς
446 2879 524 2941 κατὰ
546 2878 704 2964 καθέδραν
723 2877 867 2957 μετέχειν,
890 2877 1073 2982 προσφέρειν
1095 2877 1129 2939 δὲ

106 2962 235 3038 αὖιοῦς,
264 2963 341 3045 dp
312 2961 488 3042 ὁμιλεῖν,
470 2989 489 3044 η
519 2959 598 3035 ὅλως
626 2966 808 3044 7ειτουργεῖν
835 2987 864 3024 τι
886 2987 948 3023 των
970 2960 1130 3043 leporinum

105 3048 150 3129 μὴ
177 3048 297 3121 rastros.
339 3054 416 3122 Quod
445 3055 514 3110 idem
539 3053 602 3111 Can.
626 3054 752 3137 sequenti
781 3053 814 3108 de
837 3052 961 3108 bieconis
983 3052 1130 3107 constitui-

104 3147 167 3198 uu:
192 3154 257 3195 cnm
276 3155 324 3205 eo,
342 3148 386 3195 ut
394 3140 416 3194 si
440 3157 509 3213 quos
524 3138 675 3212 Episcopus
691 3137 859 3201 humilitatis
882 3136 1074 3228 poenitentiae,
1099 3153 1130 3192 ac

105 3224 223 3282 caeteris
243 3223 269 3279 id
292 3240 380 3296 genus
402 3223 524 3281 officiis
517 3225 638 3297 insignes
654 3221 881 3285 animadverterit,
904 3220 1021 3277 cumeis
1037 3221 1129 3277 mitius

104 3309 188 3382 etque
212 3307 356 3365 bunrauius
379 3309 467 3381 possit
488 3326 578 3382 agere.
618 3310 653 3364 At
675 3308 728 3363 Leo
751 3307 824 3379 Papa
845 3305 929 3377 Ep.3
955 3304 1073 3361 Clemens
1095 3305 1129 3362 ab
1171 3359 1173 3363 .

105 3392 256 3451 Haereticis
278 3401 445 3451 retenentes
466 3403 532 3466 post
553 3393 762 3466 poenitentiam,
785 3391 844 3450 sine
867 3389 921 3446 ulla
943 3406 992 3462 spe
1015 3407 1129 3462 pronao.-

105 3479 189 3537 nossa
217 3478 245 3533 in
274 3477 371 3535 eudem
399 3494 512 3535 manere
534 3479 632 3534 cratiae
654 3476 780 3539 decrevit,
804 3475 830 3530 in
854 3491 910 3549 quo
931 3474 1049 3532 fererant.
1094 3479 1128 3533 Αι

105 3561 312 3625 olim-(lloricis
334 3578 414 3636 aegre
442 3555 743 3635 indulta'poenitcntia.
785 3559 896 3616 ldeo'in
919 3561 1084 3617 Amusicano
1100 3564 1179 3628 imre

107 3647 173 3708 cau.
191 3651 209 3709 4
237 3647 394 3707 nominau‘m
407 3655 546 3704 ιιιιιιιιι
570 3646 775 3705 mustum
791 3644 1021 3703 declamantibus
1042 3648 1129 3703 ειιιιιι
