2534 4154
111 299 152 361 82
567 312 678 361 euritii

200 471 255 525 130
273 469 298 522 il.
330 459 364 522 τὸ
388 460 467 521 κατὰ
489 463 666 523 Μαιθαΐιιι
683 460 847 542 Εβραϊκὸι
869 461 978 545 φυτόν]
1002 469 1058 524 Nisi
1074 471 1136 527 vitii

111 554 209 626 aliquiil
233 553 257 608 ei
279 552 339 607 looo
362 550 459 614 subsit,
484 542 581 644 ᾳιιτὸι
603 553 730 626 appellari
754 564 820 626 puto
838 553 936 609 Christi
951 554 1057 609 Domini
1079 572 1138 628 ge·

111 638 268 710 nealogiam,
293 653 361 708 quae
384 634 517 690 arboris
511 645 565 691 inst
566 654 596 691 ar
554 638 779 693 toonlormari
801 638 881 711 vulgo
905 639 983 694 solet.
1054 684 1058 692 .

201 725 251 779 131
272 719 299 777 b
330 715 547 796 nupuyivovrai
569 723 644 796 γοῦν
665 718 707 788 εἰς
729 720 758 776 Γ
756 714 906 799 arnapa]
899 724 1018 779 lleminit
1041 724 1138 780 Gada-

110 824 235 863 renarum
260 806 436 862 Thermarum
448 805 624 907 Eunapius
619 824 645 861 in
668 806 823 870 Iamblicho,
848 802 941 864 Marri
965 802 998 863 ile
1016 800 1141 885 χρόνον

111 887 176 948 τινὰ
200 883 293 958 ιλόξαι
316 881 489 956 terrascia>
514 883 551 947 τὰ
577 888 604 945 Γ
602 882 705 962 abana
713 932 720 961 ,
743 887 845 990 hipp*
817 912 848 946 ια
873 886 938 948 ila'
928 911 990 949 ισιι
1013 885 1138 970 bovinii.

110 978 164 1050 τῆς
185 971 317 1050 Συριας,
345 975 407 1032 τῶν
432 993 495 1048 pa
494 969 570 1030 ιιιτιὶ
600 970 655 1049 τὴν
672 969 845 1050 Ριιιμαιιιὴν
871 973 903 1032 ἐν
924 974 1037 1044 Βαΐαις
1060 972 1140 1034 ileu-—

111 1080 198 1136 rapu·
222 1053 399 1126 terreturiis
422 1051 690 1163 pveibaiui'repq
713 1053 987 1161 παραβάλλεσθαι·
1016 1080 1135 1138 nopae·-

111 1166 194 1203 ιιιται
227 1139 260 1200 its*
289 1139 367 1200 κατὰ
398 1138 453 1218 τὴν
482 1133 565 1218 ὥραν
587 1141 629 1211 εἷς
650 1139 688 1200 roi
715 1137 844 1222 Γάδαρα
866 1164 921 1203 rou
944 1140 1046 1218 ἔτους,
1077 1157 1140 1204 ete

111 1231 159 1286 Ubi
190 1240 216 1285 et
244 1231 332 1285 lantes
362 1229 458 1285 iluos
453 1247 479 1283 ιιι
504 1247 535 1284 eo
559 1230 618 1285 loeo
643 1231 725 1286 luisse
747 1232 883 1296 meminit,
913 1248 1030 1304 quornm
1053 1233 1140 1290 alteri

104 1307 217 1389 Ἔρως,
246 1315 323 1370 alteri
344 1305 488 1385 Ἀντέρως
509 1331 608 1369 nomen
632 1315 696 1380 suit,
720 1316 873 1388 exquibus
896 1317 1026 1389 puerulos
1051 1318 1137 1384 duos,

111 1400 260 1456 ouiusnioili
283 1400 406 1455 videlieet
423 1401 535 1453 Amores
559 1399 707 1472 hiiguntur,
730 1400 893 1456 lamblichus
909 1401 1002 1475 llagus
1019 1403 1138 1459 exciritt

110 1495 141 1540 ut
163 1485 296 1558 intelligas
318 1494 486 1556 quantopere
509 1484 552 1538 ille
575 1483 651 1540 loeus
674 1486 810 1541 amatoriis
832 1485 966 1541 illecebris
989 1504 1020 1542 ae
1039 1486 1141 1544 libuli-1

111 1569 190 1624 nibus
214 1579 384 1641 opportunus
406 1568 496 1623 fuerit.

202 1657 253 1711 131
274 1671 297 1708 o.
329 1648 406 1710 ἔνθα
427 1646 486 1728 γὰρ
509 1647 548 1708 τὰ
569 1646 656 1729 παρὰ
680 1657 732 1710 τοῦ
755 1653 847 1728 θεοῦ]
871 1655 971 1710 lloilem
988 1655 1140 1712 haemonis

111 1740 224 1795 artihoio
246 1739 346 1794 factum
370 1746 411 1793 est
433 1739 506 1810 quod
528 1750 620 1796 narrat
642 1739 752 1795 Hieron.
775 1740 824 1813 llp.
841 1743 885 1797 13.
920 1740 961 1794 Ab
984 1742 1140 1797 Hadriani

111 1824 280 1895 temporibus
302 1834 389 1894 usque
411 1823 450 1876 ad
470 1825 619 1895 imperium
642 1823 833 1888 Constantini,
858 1842 913 1897 per
935 1842 1024 1881 annos
1047 1827 1140 1882 airei-

111 1918 153 1964 ter
181 1909 251 1973 180,
281 1908 310 1962 iu
332 1909 393 1962 loeo
416 1907 638 1964 Resurrectionis
659 1911 842 1964 simulacrum
863 1909 954 1974 louis,
977 1911 1008 1965 in
1032 1909 1137 1966 Crucis

111 2010 181 2064 rupe
208 1999 303 2048 statua
332 2008 368 2047 ear
395 2009 534 2047 marmore
560 1992 673 2050 Veneris
701 2011 720 2048 a
744 1993 879 2050 Gentibus
899 1996 996 2068 posita
1018 1997 1140 2050 uoleba—

112 2087 170 2141 tur,
200 2077 425 2132 eristimantibus
451 2079 655 2149 persecutionis
684 2079 865 2142 authoribus,
900 2082 976 2152 quod
1002 2081 1141 2136 tollerent

110 2165 191 2218 nohis
212 2163 293 2236 bilem
308 2162 530 2217 Resurrectionis
553 2172 578 2218 et
595 2162 703 2226 Crucis,
726 2165 752 2218 si
774 2166 959 2219 locosancto
977 2182 1032 2237 per
1048 2165 1139 2220 Idola

109 2249 284 2320 polluissent
324 2247 389 2302 Nam
412 2256 440 2303 et
463 2247 618 2302 Gadarenus
640 2265 705 2320 ager
727 2249 825 2303 Christi
850 2250 953 2304 Domini
976 2250 1138 2322 praesentia

112 2349 141 2389 ao
170 2333 304 2388 miraculis
333 2332 485 2388 celebratus
515 2341 570 2397 est,
594 2333 658 2388 Luc.
678 2335 711 2396 8,
741 2351 809 2406 equae
833 2344 896 2390 sunt
918 2334 961 2388 illa
985 2328 1022 2390 roi
1045 2327 1139 2427 παρα

112 2420 167 2473 τοῦ
192 2412 273 2474 Θεοῦ
296 2408 360 2472 θαιι
362 2436 456 2491 ι.ιαιιι
497 2417 654 2492 Quanquam
678 2428 705 2475 et
728 2419 761 2474 ail
782 2419 912 2474 medicam
932 2436 1062 2492 aquarum
1080 2420 1138 2474 vinni

112 2501 325 2574 morborumque
347 2502 464 2559 remedia
488 2504 574 2575 possit
596 2504 701 2559 referri.

197 2577 426 2661 αἰιλιιόγιινα
389 2606 448 2662 γαρ
471 2582 578 2661 antiae]
616 2588 680 2643 llira
709 2588 780 2644 voeis
803 2589 959 2661 usurpatio,
989 2605 1040 2659 qua
1064 2606 1141 2660 pro·-

112 2670 227 2724 misertas
249 2670 393 2742 utriusque
416 2689 495 2726 sexus
518 2672 627 2728 balneas
649 2674 733 2728 luisse
755 2672 896 2744 signifieat.
927 2673 974 2728 llst
989 2673 1059 2728 enini
1077 2664 1132 2727 ἀι-

113 2744 262 2849 rlprlyquor
282 2745 430 2810 λούεσθαι
454 2756 524 2810 idem
547 2773 578 2810 ae
596 2758 765 2856 promiscue
803 2756 874 2812 Sic
868 2775 895 2811 in
919 2757 1011 2813 Const.
1035 2761 1153 2853 hpnsb·

118 2828 398 2910 1,9Άιδρόγιινιιι
418 2832 492 2912 γυνὴ
515 2835 606 2913 πιστὴ
629 2860 672 2914 μη
694 2835 845 2907 lavinam,
869 2842 963 2914 ipuoil
956 2843 1138 2914 impurissimi.

113 2921 339 2996 perditissimique
371 2940 457 2996 genus
493 2924 607 2996 exempli
640 2925 740 2981 lloniae
773 2925 853 2980 etiam
890 2926 1032 2998 aliquanilo
1071 2928 1134 2983 luit

112 3007 244 3063 Adrianus
267 3015 367 3071 autem,
390 3008 505 3062 authore
521 3008 672 3080 Spartiano,
697 3012 816 3064 lavacra
834 3027 889 3081 pro
911 3013 1024 3066 senibus
1046 3028 1139 3083 sepa·

112 3094 187 3148 ravit
219 3091 292 3165 quod
314 3091 385 3147 iilam
408 3092 440 3147 ali
462 3092 612 3148 Alexandro
634 3102 729 3167 postea
751 3103 915 3150 revocatum.
944 3096 1134 3168 Lampriiliuss

112 3136 224 3234 patula
250 3177 335 3231 mista
358 3177 462 3232 Romae
489 3177 618 3233 eabiberi
643 3178 804 3250 prohibuit,
835 3182 910 3251 quod
937 3182 1048 3253 quidem
1070 3183 1129 3236 iam

113 3272 178 3318 ante
202 3262 376 3334 prohibitum
397 3263 604 3334 Helioqabalus
630 3264 694 3337 fieri
711 3265 889 3336 permiserat.
934 3266 1041 3333 Quanto
1062 3282 1139 3339 pru--

113 3348 221 3404 dontius
242 3347 463 3422 moderatiusque
489 3347 603 3404 Romani
624 3348 663 3403 illi
684 3359 799 3405 veteres.
834 3351 857 3404 A
878 3350 977 3423 quibus
998 3351 1050 3406 hoc
1072 3368 1139 3407 ma·

113 3434 185 3487 navit
206 3432 374 3498 institutum,
403 3441 434 3488 ut
460 3434 515 3506 filii
535 3435 784 3506 comparentibus
803 3437 939 3507 puberes,
969 3437 1014 3490 uel
1034 3436 1139 3506 paneri

113 3534 170 3571 uon
192 3519 371 3582 lavarentur,
400 3536 435 3573 ue
453 3527 593 3590 pateruae
614 3519 789 3574 reuerentiae
811 3520 971 3575 authoritas
992 3522 1136 3576 minuere·

115 3610 175 3666 tur,
198 3602 234 3656 ait
257 3602 399 3658 hmhro.l
427 3603 475 3658 011.
500 3620 523 3658 o.
542 3606 576 3662 18
601 3614 628 3659 et
644 3604 696 3659 llio.
719 3608 730 3660 1
758 3604 807 3661 Oli.
838 3607 871 3661 ht
894 3622 957 3661 vero
979 3621 1034 3661 non
1052 3605 1139 3661 cun-
