2534 4154
107 313 162 353 Lxx
440 339 457 348 ,.
516 308 540 356 S.
560 307 709 355 Ertrflarttl

106 464 240 527 oblatum,
276 469 445 536 praetextum
477 469 568 516 autem
595 461 666 517 illius
696 461 753 535 agri
781 461 930 533 usurpandi
958 461 1040 517 alium
1070 479 1124 518 non

105 549 197 612 luisse,
221 563 300 620 quam
324 546 397 619 quod
419 554 542 601 mortuus
566 536 639 621 esset
661 547 688 601 in
711 545 803 603 exsilio
827 545 920 603 viduae
937 546 996 602 eius
1011 546 1124 604 maritus

106 650 138 689 ex
165 632 237 688 hona
266 631 330 688 olim
359 631 425 686 fisco
455 630 568 686 addicta.
612 631 706 706 Neque
729 639 884 687 memoret
906 632 979 704 quod
1001 631 1124 688 eamdem

105 735 162 773 rem
191 717 218 772 in
248 716 370 772 encomio
400 716 583 788 chrysostomi
613 712 705 772 narret
732 717 787 772 Leo
815 717 977 789 imperatum
1012 725 1125 789 apparet

106 803 176 858 euim
200 818 262 857 eum
284 801 442 866 inhaesisse,
466 800 524 856 sine
546 800 603 856 ullo
626 801 762 865 examine,
786 802 849 857 huic
872 810 925 858 tam
946 810 1125 875 portentosae

110 885 187 944 Vitae
209 885 238 943 S.
253 885 419 958 Epiphanii.

193 975 241 1027 55.
286 971 350 1026 Utut
379 971 427 1036 sit,
456 970 568 1042 fingitur
596 988 628 1026 eo
658 987 745 1044 usque
771 969 837 1026 irata
860 970 1016 1044 imperatrix
1039 978 1069 1028 ut
1091 970 1124 1027 de

105 1056 205 1113 Ioanne
227 1055 387 1128 deponendo
411 1056 532 1128 eoeperit
554 1056 655 1128 agitare
678 1055 799 1110 consilia.
831 1056 889 1125 Quo
906 1056 1015 1128 cognito
1032 1056 1126 1113 l'heo·

105 1141 195 1214 philus
223 1141 389 1213 persuaserit
416 1141 566 1212 Epiphanio
595 1140 719 1212 navigare
750 1139 1020 1213 Constantinopolim.
1065 1140 1125 1198 Huc

106 1226 248 1298 appulsum
272 1242 333 1281 cum
355 1225 467 1299 eulpae
492 1234 518 1280 ct
540 1225 630 1281 isaaco
655 1224 737 1288 lnidla
761 1225 829 1280 laeta
849 1225 986 1281 mentione
1003 1224 1126 1298 Crispio·

106 1310 163 1375 nis,
187 1311 221 1366 de
244 1328 298 1383 quo
321 1313 394 1382 mox)
418 1310 599 1365 sollicitaverit
621 1309 790 1382 irnperatrir,
814 1311 893 1366 utin
916 1311 1038 1374 loannis,
1063 1318 1127 1367 tan-

106 1413 186 1468 quam
208 1395 406 1468 perturbatoris
427 1404 453 1451 ct
469 1394 606 1458 baeretici,
630 1395 825 1467 depositionem
843 1395 1027 1460 consentiens,
1050 1395 1126 1469 seip-

106 1498 166 1536 sum
188 1480 215 1536 iu
238 1481 296 1536 eius
318 1481 408 1536 locum
431 1487 570 1552 pateretur
592 1478 735 1546 substitui3
769 1480 891 1536 molliora
914 1496 976 1536 vero
1000 1480 1125 1536 suadenti

105 1565 255 1639 Epiphanio
277 1566 376 1619 minata
398 1564 434 1619 sit
455 1563 562 1618 dimus:
587 1565 635 1619 “Si
658 1565 741 1619 lucris
764 1565 956 1637 impedimento
979 1565 1125 1637 quominus

55 1646 57 1651 ’
106 1651 229 1706 mittatur
257 1650 370 1704 loannes
398 1647 425 1702 in
457 1647 593 1711 exsilium,
623 1649 741 1721 aperiam
764 1651 864 1723 templa
886 1649 1020 1704 idolorum
1044 1650 1125 1707 etc.''.

107 1734 227 1806 Cumque
249 1733 282 1788 ad
305 1733 371 1788 haee
393 1732 572 1804 ingemiscens
594 1733 760 1806 Epiphanius
783 1752 817 1795 se⁴
835 1733 868 1790 ah
891 1735 945 1790 hon
967 1733 1065 1791 iudicio
1081 1734 1126 1789 in-

105 1826 250 1874 nocentem
272 1826 480 1890 protestaretur,
504 1835 557 1872 uen
581 1827 669 1874 tamen
694 1818 829 1892 adtigisse,
854 1819 998 1894 quominus
1019 1819 1126 1875 dicere-

107 1911 152 1956 tur
179 1901 367 1967 cousensisse;
396 1901 487 1977 itaque
510 1902 637 1958 loannem
666 1913 774 1976 accqita
804 1905 896 1960 charta
919 1903 943 1959 ci
965 1904 1123 1977 scripsisse:

107 1986 240 2058 “Sapiens
262 1986 409 2058 Epiphani,
439 2005 567 2043 assensus
597 2005 625 2044 cs
654 2006 715 2043 mee
744 1986 858 2045 exsilio?
902 1989 931 2044 lu
953 1989 1053 2045 throno
1077 1999 1125 2046 tuo

107 2087 163 2126 uon
191 2069 298 2126 sedebis
320 2071 465 2144 amplius;''
493 2073 670 2146 Epiphanium
693 2091 757 2128 vern
779 2074 966 2147 rescripsisse:
996 2074 1125 2130 “Athleta

109 2153 224 2219 Christi,
247 2154 405 2219 verberare,
429 2166 457 2213 et
478 2157 568 2213 vince:
598 2157 736 2214 inlocum
759 2169 863 2224 autem,
893 2161 926 2216 ad
948 2175 1029 2232 quem
1052 2158 1125 2215 luisti

107 2240 253 2312 relegatus
277 2257 331 2296 uon
355 2241 471 2297 renies”.
512 2241 639 2298 Potuitne
661 2253 798 2315 postrema
819 2245 886 2300 haee
909 2261 958 2317 pro
980 2244 1071 2308 salsis,
1095 2254 1125 2300 ut

107 2325 260 2382 necessario
284 2335 349 2382 suut
368 2326 522 2391 'salsissima
546 2327 646 2382 hahere
669 2327 816 2396 llarnnius3
840 2337 868 2385 et
890 2346 945 2385 non
960 2328 1050 2385 videre
1066 2329 1125 2386 col-

106 2411 227 2485 loquium
250 2411 391 2485 Epiphanii
412 2429 473 2468 cum
495 2412 675 2486 imperatrice.
700 2413 818 2468 eiusdem
842 2421 873 2469 ut
895 2413 1013 2470 auctoris
1036 2414 1074 2469 sic
1097 2422 1125 2469 et

107 2495 170 2552 fidei
192 2497 270 2554 esscl
301 2496 354 2552 Cur
375 2497 458 2571 igitur
480 2497 566 2572 ipsum
590 2499 719 2572 opposuit
734 2499 888 2555 auctoritati
903 2499 1046 2555 Sozomeni
1063 2509 1125 2554 tau-

108 2597 187 2653 quam
209 2581 236 2636 in
259 2581 376 2637 savorem
399 2583 613 2656 (trigenistarum
636 2594 749 2657 propter
769 2585 897 2639 loannem
919 2581 1125 2656 propensioris?

108 2664 257 2737 Utrumque
280 2683 344 2721 sane
366 2667 443 2723 velim
466 2669 615 2740 aequaliter
636 2669 776 2731 reiectum,
801 2669 908 2741 quando
931 2668 1050 2740 priorem
1069 2668 1125 2725 Eu-

107 2748 201 2804 doxiae
223 2767 284 2805 cum
308 2750 501 2824 Chrysostomo
523 2754 621 2817 rixam,
651 2771 721 2828 qnae
744 2752 888 2809 'llreodosii
917 2752 1030 2808 iunioris
1053 2753 1125 2809 uati-

108 2833 215 2888 ritatem
238 2851 269 2890 ae
291 2835 361 2891 lorte
384 2838 463 2892 ctiam
486 2854 529 2892 an.
548 2839 617 2901 391,
641 2837 795 2900 antecessit,
820 2843 926 2893 constat
948 2836 1031 2892 luisse
1047 2855 1125 2893 eem-

107 2917 238 2992 positam:
262 2929 289 2976 et
310 2922 477 2993 posteriores
499 2922 623 2995 querelas
646 2921 761 2992 primum
780 2937 840 2975 esse
856 2919 992 2984 subortas,
1016 2923 1125 2992 quando

109 3003 252 3078 “digresso
273 3004 307 3060 ab
330 3005 398 3062 urbe
414 3006 572 3078 Epiphanio,
595 3006 709 3060 loannes
733 3006 758 3058 iu
783 3004 895 3060 ecelesia
917 3003 996 3061 verba
1013 3005 1124 3072 lacieus,

108 3104 279 3146 communem
301 3092 428 3147 adversus
445 3090 572 3145 mulieres
587 3089 809 3162 vituperationem
826 3089 951 3154 instituit,
975 3107 1056 3164 quam
1072 3109 1125 3165 po-

46 3185 49 3188 '
107 3175 189 3248 pulus
209 3173 245 3229 ite
267 3174 380 3247 accepit,
403 3175 480 3247 quasi
502 3175 628 3230 adversus
650 3173 820 3246 imperatoris
843 3175 986 3248 coniugem
1009 3176 1124 3249 figurate

59 3273 64 3287 ·
108 3259 257 3333 composita
285 3260 412 3322 luisset,’'
441 3261 479 3315 uti
508 3259 601 3314 scribit
627 3260 809 3323 Summanus,
839 3260 867 3315 iu
896 3261 949 3317 hoe
977 3263 1123 3318 coulermis

107 3343 221 3402 Socrati.
266 3345 333 3400 'lum
356 3345 459 3402 scilieet
481 3344 662 3417 Theophilus,
687 3345 732 3417 qui
756 3344 830 3401 solus
853 3345 941 3402 luerat
963 3355 1073 3403 vocatus
1095 3347 1123 3402 iu

106 3428 216 3496 urbem,
244 3430 402 3487 iudicandus
429 3449 444 3487 a
466 3430 614 3487 loannem
636 3447 716 3485 causa
738 3431 950 3496 monachorum,
979 3431 1124 3505 agentibus

105 3513 212 3570 loannis
234 3516 346 3572 aemulis
369 3524 396 3572 et
417 3515 548 3571 suadente
570 3515 750 3587 imperatrice,
773 3524 856 3592 atque
878 3517 1010 3591 synodum
1028 3525 1123 3572 contra

107 3615 165 3654 eam
188 3600 386 3658 convocandam
408 3608 548 3674 poscente,
575 3601 723 3673 permissus
747 3610 789 3657 est
809 3602 957 3676 Aegyptios
980 3601 1123 3676 episcopos
