2534 4154
121 305 125 312 '
159 231 222 365 adit
612 315 725 366 raram
825 290 831 301 ’

100 524 109 543 ,
155 467 278 525 brosius:
301 467 445 522 interitio
459 469 533 541 fidu,
556 476 586 523 ut
600 484 678 532 uero,
700 467 744 521 ito
759 465 928 522 admirando
944 468 1066 532 decreto,
1089 469 1174 524 etium

155 571 241 626 anper
255 553 415 608 celebritate
429 561 593 618 memorato,
616 554 792 623 oonprepotir
805 553 984 624 peritissimus
1001 554 1172 618 calculandi,

156 641 249 694 decem
276 645 302 693 et
329 654 427 692 nouem
456 655 595 693 annorum
616 639 752 708 cotlepere
773 639 912 693 rationem
934 645 960 692 et
981 639 1066 710 quusi
1087 652 1173 710 queu-

64 730 66 735 '
156 726 221 778 dom
244 724 411 777 constituere
435 723 569 778 circulum
592 730 641 778 etc.
682 723 753 778 Nihil
776 730 833 778 erat
856 723 947 794 igitur,
971 722 1044 794 quod
1067 723 1173 778 inanem

157 810 193 864 ει·
207 807 349 863 absurdam
366 807 543 863 cerneremus
565 808 705 881 periodum
728 825 742 861 a
766 808 819 862 situ
842 816 981 863 revocaret
996 807 1172 879 Epiphanius,

156 894 219 949 dum
242 909 411 948 communem
435 892 506 965 [lycii
529 893 664 948 Pasclialis
693 892 851 947 methodum
874 901 901 947 et
923 910 938 946 a
961 891 1106 947 Catholicis
1130 910 1174 949 rc·

156 986 261 1051 ceptam
284 977 411 1032 adversus
427 977 583 1033 Haereticos
606 977 732 1033 declarat.
763 977 817 1032 Nec
840 976 991 1032 accuratior
1006 985 1049 1031 est
1064 977 1172 1033 Sozam.

158 1065 244 1127 t‚18‚
268 1062 314 1134 qui
338 1062 448 1117 eandem
472 1062 668 1118 Octa'eteridem
691 1063 723 1118 ad
742 1061 880 1117 Paschatis
904 1061 1043 1133 negotium
1066 1062 1107 1117 sie
1129 1079 1174 1117 ac-

157 1147 318 1211 commodat,
342 1147 419 1219 quasi
434 1148 577 1219 utriusque
593 1146 689 1201 sideris
705 1146 851 1201 ratiociniis
867 1146 1003 1201 cumulate
1018 1147 1174 1202 satisfaciat.

243 1234 342 1289 82621.
373 1227 422 1287 eui
446 1226 606 1304 συμβαίνει
628 1225 706 1287 κατὰ
728 1222 781 1286 τὸν
795 1222 917 1306 ὄγδοον]
949 1232 1031 1285 Deest
1047 1232 1176 1289 Octaete-

156 1316 206 1372 ridi
235 1317 384 1373 secundum
410 1317 512 1372 medios
534 1325 624 1371 motus
647 1318 680 1371 ad
702 1315 816 1370 solidum
840 1332 961 1371 mensem
984 1316 1176 1388 complendum

155 1402 266 1457 biduum
289 1402 355 1457 sere,
385 1402 451 1456 Nam
474 1401 589 1474 llpactae
612 1401 674 1455 anni
696 1401 781 1456 octavi
804 1402 930 1459 sunt28.
955 1400 1105 1456 Octaeteris
1120 1402 1177 1457 Lu-

156 1488 227 1542 naris
250 1496 373 1542 accurata
398 1487 500 1541 dierum
524 1495 566 1542 εει
582 1488 673 1543 2923.
692 1490 737 1541 tl.
752 1476 809 1548 δι’,
833 1487 886 1540 hoc
909 1494 951 1542 est
973 1487 1103 1541 horarum
1119 1487 1176 1542 lere

161 1575 206 1637 12,
231 1581 261 1626 ut
283 1572 319 1627 ait
342 1571 479 1626 Geminus.
509 1572 602 1644 ltaque
624 1571 713 1625 minor
736 1579 777 1626 est
801 1570 1105 1643 Octaeterisllpiphauii
1120 1571 1177 1626 Lu-

157 1657 213 1712 nari
237 1655 406 1711 Octaeteride
429 1656 575 1728 sesquidie.
606 1655 639 1710 tn
660 1664 750 1711 tamen
773 1655 967 1728 praecipitatur
982 1654 1176 1720 Embolismus,
1223 1667 1228 1677 ¹

157 1741 230 1814 quod
258 1741 397 1795 minimum
426 1739 495 1796 absit
517 1741 550 1796 ab
572 1741 676 1813 integra
701 1740 822 1813 Syzygia.
868 1740 945 1808 Quod
967 1741 1047 1795 etiam
1070 1740 1097 1794 in
1120 1739 1179 1795 En·

156 1825 377 1880 neadecaeteride
405 1835 536 1880 servatur.
581 1825 646 1880 Nam
669 1824 849 1880 Embolismus
878 1825 975 1881 tertius
1004 1824 1036 1880 ab
1059 1823 1179 1880 Alexan-

157 1909 240 1964 drinis
264 1917 290 1964 et
312 1910 421 1972 Latinis,
447 1918 473 1965 et
495 1911 523 1964 in
545 1910 618 1966 omni
641 1910 708 1965 adeo
733 1909 821 1982 Cyclo,
846 1919 940 1965 octavo
963 1926 1033 1964 anno
1056 1909 1179 1965 colloca·

107 2002 211 2061 299tur.
257 1993 371 2059 Octavo,
395 1994 520 2067 inquam,
544 2012 599 2049 non
622 2012 710 2058 nono,
735 1994 786 2049 etsi
809 1994 973 2049 contrarium
995 1986 1179 2050 Mathematici

158 2077 266 2151 quidam
288 2079 461 2136 eruditissimi
484 2097 515 2134 ac
538 2078 732 2152 Computorum
749 2079 901 2152 Scriptores
923 2087 1055 2134 asserant.
1097 2079 1178 2148 Quod

158 2163 285 2220 adversus
308 2163 368 2219 illos
390 2163 508 2220 breviter
530 2163 664 2219 hocloco
688 2164 927 2220 demonstrandum
951 2171 1002 2220 est.

262 2377 312 2442 De
335 2376 453 2462 duplici
477 2377 574 2462 (lycio
598 2383 629 2473 et
650 2377 913 2442 Embolismorum
933 2378 1066 2443 ratione.

216 2503 218 2511 '
243 2502 345 2574 duplex
367 2501 438 2574 apud
460 2510 565 2557 veteres
582 2501 706 2574 Computi
721 2502 864 2574 magistros
886 2502 949 2556 olim
966 2501 1062 2574 Cyclas
1080 2502 1177 2565 extitit,

158 2602 219 2641 cum
241 2587 323 2641 Aurei
345 2587 455 2642 Numeri
476 2586 551 2643 lastis
573 2586 801 2651 adscriberentur,
825 2586 893 2641 alter
914 2587 1196 2651 decemnovennalis,

158 2670 227 2725 alter
247 2670 369 2726 Lunaris.
414 2671 684 2736 decemnovennalis,
707 2681 738 2726 ut
759 2670 829 2726 Beda
851 2671 959 2743 saepius
981 2671 1114 2737 inculcat,
1144 2671 1179 2727 ad

158 2755 315 2810 methodum
339 2755 602 2823 Quartodecimarum
625 2756 794 2811 Pasclralium
817 2756 942 2811 inventus
964 2765 1021 2821 est,
1051 2767 1083 2812 ut
1105 2765 1177 2812 stato

158 2839 201 2895 die
223 2839 345 2912 quolibet
367 2856 437 2896 anno
459 2857 509 2912 per
530 2840 625 2896 orbem
647 2841 775 2896 redirent.
816 2840 901 2896 Huius
923 2840 1028 2896 initium
1051 2851 1102 2906 cst,
1127 2859 1179 2896 au·

159 2925 239 2981 thore
261 2923 339 2988 Beda,
364 2941 377 2979 a
401 2924 521 2979 Pasclrali
543 2941 651 2989 mense,
675 2927 728 2981 hoc
751 2934 793 2980 est
815 2942 830 2980 a
852 2925 943 2981 citimo
966 2925 1108 2991 Termino,
1132 2926 1178 3000 qui

160 3018 202 3065 est
232 3010 275 3064 llll
299 3009 414 3065 Kalend,
432 3010 497 3082 Apr.
520 3009 607 3064 Martii
630 3012 680 3065 21.
702 3080 706 3086 ·
726 3009 808 3065 Cuius
830 3011 933 3082 primus
956 3028 1042 3065 annus
1065 3027 1178 3067 aureum

159 3095 305 3150 Numerum
329 3093 411 3151 habet
431 3097 465 3151 19
489 3094 592 3166 initque
615 3111 646 3148 ex
662 3098 692 3149 Α.
709 3095 739 3149 n.
756 3095 828 3149 Prid.
843 3095 912 3150 Non.
928 3098 992 3168 Apr.
1009 3096 1064 3151 sive
1079 3096 1179 3170 Aprilis
1215 3114 1218 3119 ⁴

160 3184 189 3244 4,
213 3179 256 3236 cui
278 3181 304 3235 in
327 3189 418 3235 vetere
440 3178 599 3234 Kalendario
623 3180 773 3253 adscriptus
797 3188 839 3235 est
860 3197 958 3235 aureus
980 3180 1115 3236 Numerus
1129 3183 1177 3238 19.

161 3264 265 3337 Quippe
289 3265 397 3337 Cyclum
420 3264 695 3320 [decemnovennalem
724 3282 780 3320 non
810 3263 843 3319 ab
866 3282 948 3320 aureo
971 3264 1121 3322 Numerot
1146 3283 1179 3321 ac

162 3352 200 3407 23
224 3349 323 3414 Martii,
353 3351 400 3406 sed
423 3369 437 3405 a
464 3353 498 3406 19
522 3348 678 3405 inchoatum
699 3350 782 3405 luisse
805 3359 831 3404 et
853 3349 885 3406 ab
908 3349 1005 3423 Aprilis
1020 3354 1047 3413 4,
1072 3351 1178 3407 erudite

160 3434 256 3506 probat
285 3434 382 3491 Petrus
411 3436 514 3491 Pitatus
538 3435 700 3490 Veronensis
724 3434 862 3490 Canopum
885 3435 1054 3490 Paschalium
1083 3439 1177 3508 capii

160 3526 187 3572 et
215 3527 277 3573 ante
306 3520 379 3575 illum
403 3521 494 3576 docuit
516 3519 615 3575 Paulus
637 3519 847 3592 Foroscmpron.
871 3521 972 3593 primae
995 3521 1079 3592 partis
1113 3521 1131 3575 l.
1150 3523 1178 3578 6.

158 3601 213 3656 Nec
235 3601 312 3659 aliter
327 3604 397 3660 Beda
419 3622 480 3660 oum
503 3603 560 3659 aliis
583 3605 610 3659 in
632 3603 708 3669 locis,
734 3612 790 3659 tum
813 3604 883 3660 libro
906 3605 940 3661 dc
956 3604 1048 3678 Temp.
1073 3607 1179 3663 ratione
