2534 4154
428 112 719 163 iutuiuurustuuus.
1045 100 1082 167 91

46 256 261 341 ,Σαββάταη
286 267 414 340 quoniam
428 265 566 323 arridebat
584 267 720 325 interdum
733 277 764 325 ot
774 268 889 327 alieuius
902 267 966 327 lasti
986 270 1089 344 princi-

50 353 232 427 τοίω-τοι
251 349 315 409 fiiis
334 351 365 410 in
385 350 625 409 hebdomadarium
647 353 796 411 Sabbatum
816 353 963 419 incideret.
990 371 1090 429 quern·

52 435 218 494 admodum
245 436 318 509 apud
340 435 507 492 Christianos
528 437 628 493 Natalis
651 438 763 502 Christi,
793 440 846 495 boe
868 448 910 495 est
932 438 1089 539 Epiphania,

56 523 89 578 in
110 522 283 576 Domiuieum
306 522 430 577 incurrit.
463 512 556 578 odra
578 521 627 578 καὶ
650 514 722 599 παρ’
746 516 852 590 αὐτοῖς
872 517 892 597 ἡ
915 519 964 579 καὶ
986 516 1006 599 ἦ
1029 543 1091 579 πα-

55 599 193 682 νήγυρις
212 607 256 685 τῷ
278 597 437 684 Σαββάτῳ
459 602 635 675 συνέπιπτε,
657 602 805 680 σάββατα
826 601 1030 681 σαββάτων
1017 628 1089 665 ικα-

59 691 158 748 λεῖτο.
190 690 384 763 Corrigendum
407 687 433 746 εἰ
455 687 504 746 καὶ
526 684 546 766 ἦ
568 711 638 747 παν.
669 693 757 760 Quare
780 711 834 749 non
853 711 886 749 eo
901 711 982 759 anuo,
1006 712 1088 768 quem

59 777 154 833 Luras
177 787 385 838 commemorat,
409 794 573 832 coneursum
595 777 669 832 illum
693 779 819 834 incidisse
842 778 937 834 scribit
958 779 1087 843 Isidorus,

62 861 114 918 sed
138 860 204 916 alias
226 861 357 933 putuisse,
381 878 441 916 otum
458 861 573 917 Sabbata
590 861 770 918 Sabbatorum
793 873 963 919 vocarentur
994 865 1089 919 lsidori

64 946 145 1002 loeus
173 946 328 1000 necessario
349 945 543 1002 adscribendus
566 957 617 1003 est.
661 942 700 1002 El
722 942 756 1002 dd
778 939 984 1046 Σαββάτῳ’
960 945 1088 1024 εἴρηται,

65 1025 109 1105 μὴ
133 1021 313 1128 θαυμάσῃς.
342 1022 567 1102 Σάββατον
530 1049 590 1107 yo9
612 1033 715 1087 πάσαν
737 1023 846 1107 ἑορτὴν
867 1005 1005 1124 xnlodqr.
1038 1029 1088 1088 καὶ

68 1109 120 1171 did
146 1106 229 1170 τοῦτ
245 1109 360 1213 εἴρηται
384 1107 539 1216 Σάββατα
550 1107 735 1218 Eodssdrpiu,
758 1110 861 1189 ἐπειδὴ
884 1106 986 1172 iba*
969 1111 1088 1192 οτεῆῆ

68 1191 147 1275 άρχὴ
160 1217 216 1273 της
224 1217 431 1275 πανηγυρττος,
441 1193 461 1274 ἢ
472 1219 507 1257 το
496 1193 604 1267 τέλος
618 1195 778 1257 συνέπιπτε
792 1203 837 1258 τῶ
849 1203 903 1275 τῆς
913 1192 1091 1273 ἑβδομάδος

68 1275 239 1364 Σαββάτῳ.
268 1285 323 1341 Nec
337 1302 427 1340 minus
440 1286 619 1342 hallucinatus
642 1294 684 1341 est
699 1286 768 1342 Seal
792 1259 878 1380 qriil
898 1287 1007 1359 3lsag
1024 1287 1088 1341 Can

68 1371 203 1425 lsidorum
225 1369 310 1426 refert
331 1369 478 1426 Sabbatum
501 1361 749 1446 άτατεράπρωτον
769 1371 873 1444 opinari
900 1371 1006 1426 tertiani
1029 1388 1089 1426 esse

68 1457 232 1528 hzymorum
248 1455 329 1511 diem
352 1455 417 1510 Nam
434 1456 534 1512 diserte
546 1456 659 1528 primam
670 1458 832 1529 hzymorum
847 1455 940 1512 definit
954 1455 1088 1511 isidorus:

69 1540 218 1596 secundam
244 1556 308 1595 vero
330 1539 468 1596 ollereudo
496 1558 626 1596 novarum
649 1541 756 1634 frugum
780 1540 916 1614 manipulo
939 1541 1089 1604 constituit,

69 1641 151 1698 quarn
175 1625 282 1679 tertiam
300 1641 314 1680 a
330 1625 461 1681 Paschate
483 1635 568 1690 vorat,
591 1627 630 1681 uti
645 1625 759 1699 primam
773 1628 945 1700 Azymorum,
968 1642 1048 1698 quam
1064 1635 1092 1682 et

69 1699 320 1784 ὁτατεροπρωτον
333 1720 463 1773 nominat
487 1711 643 1774 secundam,
662 1711 684 1766 si
700 1711 808 1805 quidem
823 1712 961 1767 Paschatis
977 1712 1090 1784 primam

67 1795 140 1850 diem
157 1802 242 1848 totam
263 1796 350 1866 ipsam
373 1794 549 1850 Parasceuem
565 1796 692 1868 appellat,
709 1796 786 1851 ouius
802 1798 834 1852 ad
849 1810 988 1868 vesperam
1005 1813 1091 1868 agnus

70 1877 268 1934 immolabatur.
300 1879 422 1934 Proxima
446 1889 487 1935 est
504 1880 689 1954 chrysostomi
704 1883 848 1938 sententia.
879 1881 1036 1937 lliellouiil.
1051 1883 1088 1938 39

68 1963 95 2061 ip
118 1963 181 2019 llat.
216 1982 244 2019 rr
241 1958 336 2020 'da'
322 1982 400 2032 εστι,
429 1964 533 2038 iuquit,
564 1955 875 2041 deore9dn9tutov‚·‘'
858 1984 934 2022 οταν
956 1958 1089 2038 διπλῆὴ

68 2039 161 2146 dqyi'n
188 2032 209 2124 ᾗ
239 2046 288 2103 καὶ
311 2048 366 2105 τοῦ
389 2043 561 2120 Σαββάτου
583 2052 640 2106 τοῦ
661 2046 782 2151 Kopion
815 2045 864 2105 καὶ
894 2040 998 2125 ἕτερος
1020 2039 1091 2123 ἔορ-

69 2149 123 2204 της
144 2127 310 2206 διαδεχομέ
270 2150 419 2207 μ.νης.
394 2125 621 2206 Σάββατον
583 2153 643 2210 yo9
666 2125 799 2207 ἑκάστην
820 2127 930 2209 ἀργίαν
951 2131 1093 2190 καλοῦσα

68 2216 237 2273 llaldonatus
253 2217 287 2272 ad
301 2217 395 2274 llatth.
413 2220 448 2275 12
465 2219 687 2292 chrysostomum
710 2219 877 2273 existimasse
903 2217 996 2273 scribit
1018 2217 1090 2273 Sab-

69 2300 161 2358 batum
184 2302 451 2376 seeundo-primum
480 2321 541 2358 esse
567 2303 639 2374 quod
662 2303 783 2375 proxime
806 2311 969 2375 sequeretur
990 2303 1089 2358 festum

67 2387 187 2461 aliquod,
210 2388 284 2459 quod
301 2388 332 2443 in
356 2388 448 2443 leriam
473 2391 490 2445 6
513 2387 661 2443 incidisset.
702 2387 801 2443 Verum
824 2405 838 2443 e
861 2388 997 2444 contrario
1020 2387 1091 2444 Sab-

68 2469 161 2527 batum
183 2471 249 2526 illud
272 2490 333 2528 esse
356 2483 450 2529 oenset
472 2472 698 2545 chrysostomus,
727 2473 802 2546 quod
824 2473 922 2530 festum
945 2473 1017 2528 aliud
1040 2491 1090 2528 au-

68 2557 184 2620 tecedit,
213 2557 238 2611 id
267 2558 339 2630 quod
363 2558 463 2614 Graeca
486 2558 529 2613 illa
552 2558 752 2621 demonstrant,
782 2553 831 2614 καὶ
855 2547 961 2632 ἑτέρας
982 2549 1089 2634 ἑορτῆς

69 2635 293 2716 δἰαδεχομίνης.
338 2643 495 2715 Quanquam
518 2642 641 2715 Theoph.
670 2643 704 2698 ad
726 2643 789 2698 hirc.
812 2644 873 2700 ob
901 2643 1131 2717 Chrysostoniidd

69 2726 229 2782 senteutiam
254 2728 364 2791 eodem,
394 2745 448 2801 quo
471 2728 654 2791 blaldonatus.
684 2728 764 2784 modo
788 2728 952 2784 intellexisse
976 2728 1087 2791 videtur,

68 2811 107 2873 si,
130 2811 170 2865 uti
194 2810 278 2875 solet,
303 2812 525 2885 Chrysostomum
548 2822 657 2868 secutus
680 2821 731 2869 est.
777 2814 883 2868 'lentius
907 2820 948 2868 est
970 2812 1090 2884 Epipha-

68 2895 128 2950 nius
158 2904 267 2959 noster‚
303 2913 383 2969 quern
413 2898 507 2953 eodem
536 2897 597 2953 loeo
621 2897 788 2954 llaldonatus
818 2897 914 2952 asserit
943 2895 1089 2951 Sabbatum

71 2970 320 3054 δευτερόπρωτον
340 2981 469 3037 statuisse
493 2985 509 3039 8
536 2983 607 3037 diem
629 2985 801 3055 hzymorurn.
832 2981 884 3036 Sed
907 2981 959 3036 hoe
982 2980 1089 3052 quidem

68 3062 128 3120 loeo
158 3064 240 3136 longe
273 3065 345 3120 aliud
373 3066 453 3123 docet
480 3067 654 3140 Epiphanius.
699 3066 805 3122 Etenim
833 3064 980 3120 Sabbatum
1013 3064 1088 3129 illud,

69 3149 141 3220 quod
165 3148 198 3204 ab
221 3151 382 3222 azymorum
405 3152 491 3224 prima
513 3151 555 3206 die
582 3152 732 3224 proximum
755 3158 811 3212 est,
841 3141 1091 3225 devrr9dnptnrnr

68 3232 216 3289 Sabbatum
238 3234 290 3289 diei
311 3244 398 3307 putat.
427 3239 462 3291 ht
477 3235 589 3292 Haeresi
612 3239 660 3299 51,
679 3238 728 3299 31,
754 3233 832 3290 aliter
853 3234 956 3298 statuit,
981 3234 1091 3290 tametsi

72 3317 238 3390 perobscure
260 3319 391 3394 loquitur.
427 3320 466 3375 lbi
489 3321 560 3376 enim
583 3338 645 3376 ciam
668 3318 766 3392 duplex
788 3317 899 3374 Sahhati
920 3335 1007 3392 genus
1030 3337 1091 3376 esse

69 3402 195 3468 dixisset,
225 3402 340 3460 alterum
369 3404 608 3462 hebdomadarium
638 3413 665 3461 et
686 3403 841 3476 antiquum,
872 3404 945 3477 quod
967 3405 1092 3481 πρῶτον
