2534 4154
144 297 209 371 202
600 309 714 359 eunoun

99 454 101 459 ⁵
146 466 197 525 Pii-
215 467 331 540 pertexit
353 465 529 539 Epiphanius.
571 466 607 520 At
627 461 913 523 EusebiiChroniceu
936 464 1025 522 solnm
1046 461 1168 519 Marcum

145 551 180 621 ad
201 567 302 607 annum
325 561 412 623 nsque
434 550 562 606 Antonini
589 551 624 607 19
647 549 780 622 perducit,
803 564 858 621 quo
881 546 989 606 deinum
1009 548 1167 606 Cassianum

99 687 113 701 ,.
131 635 257 711 2172677.
290 636 346 704 Qua
369 635 473 691 ratione
497 636 536 693 22
559 647 644 691 annos
667 634 786 691 Marcum
807 641 918 706 oportet
939 636 1051 692 sedisse.
1081 634 1168 691 Prae-

147 729 222 785 terea
243 721 315 777 inter
330 720 461 776 lulianum
484 728 512 776 et
528 720 684 793 Capitonem
700 719 833 776 Eusebius
856 727 884 775 et
898 719 1067 794 Nicephorus
1083 718 1168 775 Elium

147 813 269 880 ponunt,
304 822 385 880 quern
413 805 595 878 praetermisit
616 805 791 879 Epiphanius.
837 803 874 861 ne
896 805 1020 862 Narcisso
1053 806 1168 879 eiusque

146 884 298 964 admirabili
316 891 460 947 sanctitate
481 889 540 946 vide
562 907 632 963 quae
653 890 786 948 Eusebius
808 889 862 946 1.ss
885 890 1011 963 prodidit.

235 977 294 1033 637
312 975 338 1032 d.
368 967 446 1048 ὁμοῦ
469 967 529 1031 ἀπὸ
552 967 735 1050 ἀναλήψεως
756 973 907 1052 Χριστοῦ]
949 975 1167 1032 Manichaeorum

147 1059 225 1134 erigo
248 1059 391 1133 diiigenter
413 1068 456 1116 est
477 1060 503 1116 in
527 1060 613 1116 Pastis
635 1061 776 1125 adnotata,
806 1060 880 1117 velut
901 1061 1014 1134 insignis
1036 1060 1169 1133 quaedam

147 1143 223 1204 labes
240 1145 383 1202 Christiani
406 1145 522 1201 nominis
544 1163 575 1201 ac
597 1144 742 1202 calamitas.
773 1145 827 1202 Sed
849 1146 882 1202 de
904 1162 974 1201 anno
997 1162 1029 1201 ac
1043 1153 1170 1218 tempore

148 1230 302 1303 Scriptores
334 1229 445 1286 mirifice
474 1231 647 1287 dissentiunt.
690 1231 856 1304 Epiphanius
884 1238 978 1287 noster
1004 1228 1170 1297 πλατυκῶς

148 1315 286 1375 toreham
308 1325 335 1372 et
357 1315 440 1372 Probi
461 1315 630 1388 temporibus
653 1316 796 1372 emersisse
818 1315 921 1373 scribit.
952 1315 1026 1384 Quae
1047 1316 1121 1372 enirn
1135 1315 1170 1372 ab

148 1401 315 1473 Ascensione
338 1400 437 1456 Christi
460 1400 590 1474 temporis
613 1401 681 1457 ratio
704 1401 823 1474 ponitur,
848 1400 1054 1474 mendosissime
1077 1408 1171 1457 estet

149 1485 265 1558 subinde
288 1485 451 1558 castigando.
482 1485 570 1558 Supra
592 1489 640 1542 ei
666 1486 694 1542 in
710 1489 728 1542 4
744 1485 880 1542 Aureliani
894 1485 961 1559 lmp.
985 1501 1085 1541 annum
1101 1502 1171 1542 eon-

149 1571 259 1629 iecerat.
289 1573 320 1628 ln
341 1571 388 1626 lib.
412 1587 475 1631 vere
499 1570 532 1627 de
546 1570 633 1631 Pend.
650 1579 678 1627 et
692 1570 777 1627 Mens.
801 1587 871 1626 anno
895 1570 1042 1628 9Gallieni
1065 1569 1171 1627 tribuit.

148 1654 284 1713 Eusebius
307 1657 334 1711 in
357 1655 458 1712 Chion.
481 1672 552 1712 anno
576 1657 594 1714 2
617 1655 713 1719 Probi,
738 1655 843 1729 Olymp.
861 1656 921 1714 264
944 1672 1014 1711 anno
1037 1654 1172 1720 secundo,

149 1740 383 1805 Antiochenorum
407 1743 466 1798 325
490 1740 624 1813 prodiisse
646 1740 864 1797 Manichaeorum
883 1739 1012 1796 Haeresiu
1033 1747 1120 1804 notat,
1145 1749 1173 1797 el

150 1842 226 1887 aeras
249 1825 352 1898 aliquot
374 1825 510 1882 civitatum
532 1825 632 1890 adiicit,
657 1825 756 1900 quibus
773 1825 871 1881 Christi
887 1842 973 1880 annus
991 1825 1051 1882 278
1067 1824 1174 1881 adseri·

137 1908 234 1975 bitur.
264 1909 318 1966 heo
340 1909 453 1982 Magnus
477 1909 573 1965 llomil.
592 1911 609 1966 2
633 1910 666 1966 de
688 1910 866 1966 Pentecoste:
895 1909 1083 1968 Manichacus
1105 1925 1173 1982 enyo

99 1995 286 2071 ffirmpicter
312 1994 451 2066 falsitatis
478 1994 647 2051 Diaboiicoe
675 2003 701 2050 et
729 1996 871 2051 conditor.
884 1995 1094 2067 superstitionis
1122 1997 1173 2066 ob·

152 2095 281 2143 teneone,
305 2095 338 2134 eo
360 2087 482 2151 tempore
498 2080 675 2135 damnandus
690 2081 820 2144 innotuit,
843 2096 896 2152 quo
908 2087 974 2152 post
987 2080 1173 2137 resurreetio·

151 2181 215 2229 nem
234 2163 350 2219 Domini
371 2164 574 2221 ducentesimus
596 2171 623 2219 ei
643 2165 834 2235 senupesimoo
856 2180 949 2220 onnus
969 2165 1100 2236 impletos
1121 2172 1173 2230 eet,

152 2248 245 2315 Peneo
262 2248 446 2321 Imperatore,
470 2248 648 2321 Paulinoque
665 2247 793 2306 Coresule.
824 2248 1019 2305 Obscurissima
1034 2258 1102 2305 suut
1115 2253 1174 2305 Au·

152 2334 256 2403 aeliani,
276 2333 367 2399 Probi,
391 2334 478 2407 iisque
493 2335 678 2408 proximorum
693 2334 890 2407 Imperatorum
905 2344 1044 2407 tempora:
1067 2351 1174 2391 summa

153 2419 341 2489 Consularium
364 2419 507 2475 Pastorum
535 2419 663 2485 varietas,
693 2437 744 2477 nec
772 2419 800 2475 in
828 2419 959 2475 annisac
981 2417 1175 2475 Consulatibus

152 2504 306 2579 digerendis
328 2504 471 2578 quisquam
493 2521 564 2561 unus
587 2521 648 2561 cunr
671 2505 756 2561 altero
778 2503 924 2560 consentit.
954 2503 1048 2577 ltaque
1062 2503 1176 2577 perple-

152 2606 217 2647 xum
239 2598 266 2645 et
287 2589 442 2646 intricatum
464 2599 552 2645 totum
575 2589 646 2645 istud
659 2589 809 2663 ,negotium
831 2597 882 2645 est
912 2587 1033 2644 Probum
1054 2605 1086 2645 ac
1100 2587 1177 2645 Pau·

152 2673 238 2731 houm
261 2673 337 2729 Coss.
361 2673 538 2731 Cassiodorus
559 2673 685 2738 Aurelio,
718 2691 750 2731 eo
771 2673 924 2731 MarceMino
948 2673 1024 2730 Coss.
1054 2671 1173 2730 subiicit.

153 2757 226 2817 Musti
249 2757 332 2813 Siculi
353 2766 417 2830 post
437 2759 611 2815 Aurelianum
633 2775 664 2814 ac
686 2758 869 2815 Marcellinum
892 2758 1013 2815 Taciturn
1028 2765 1063 2814 et
1079 2758 1176 2816 Aemi-

152 2841 254 2903 lianum
278 2841 420 2906 collocant,
444 2841 546 2916 quibus
561 2842 683 2899 Probum
697 2843 894 2916 Paulinumque
915 2842 1080 2899 subtexunt:
1104 2860 1175 2918 quos

152 2927 320 3002 posteriores
343 2926 471 2982 Onuirius
499 2927 812 3001 iniuriapraeterrnisit,
844 2927 1028 3003 collectosque
1050 2924 1174 2984 eredidit

150 3011 219 3083 Mem
241 3029 291 3086 pro
315 3010 456 3068 ordinariis
479 3011 505 3067 in
528 3011 654 3069 omnibus
670 3005 973 3084 Pastis'agnosenntur.
1004 3012 1058 3069 Sed
1073 3010 1177 3071 ‘siculo

154 3097 276 3171 Tacitum
294 3097 311 3154 2
336 3104 363 3153 et
376 3095 555 3152 Aemilianum
572 3105 717 3170 ponantur,
742 3097 773 3153 ad
788 3096 926 3155 Aureliani
940 3097 1096 3171 lmperiuni,
1119 3114 1177 3154 nou

152 3181 248 3254 Probi,
270 3178 455 3255 pertinebunt.
484 3180 603 3256 ideoque
624 3182 653 3238 in
667 3181 815 3239 Annalibus
830 3182 1025 3239 Ecclesiasticis
1039 3199 1104 3239 cum
1118 3186 1177 3241 Au·

153 3267 251 3329 reliam
273 3270 289 3326 7
313 3275 617 3340 componerem-anno
641 3266 740 3324 Christi
763 3269 834 3325 277.
873 3267 979 3324 Etenim
1001 3276 1065 3340 post
1085 3269 1177 3325 Aures

153 3351 256 3411 Manum
279 3351 386 3408 Tacitus
400 3351 541 3426 sequitur,
564 3352 612 3428 qui
633 3351 740 3409 nonnisi
762 3351 1110 3426 mensibustiirnperium
1131 3361 1177 3409 te·-

155 3437 225 3497 nait.
256 3437 411 3494 Secundum
434 3454 515 3510 quem
534 3446 645 3495 creatus
668 3445 710 3495 est
726 3436 842 3495 Probus.
873 3436 951 3506 Quod
973 3437 996 3493 si
1018 3446 1082 3511 post
1097 3437 1177 3495 Taci-

154 3529 214 3579 tum
236 3531 265 3578 et
289 3521 466 3579 Aemilianum
487 3520 594 3579 Probus
616 3538 648 3580 ae
662 3521 791 3580 Paulinus
816 3520 1026 3588 substituantur,
1049 3522 1101 3579 iarn
1117 3522 1176 3579 istis

156 3603 234 3673 Coss.
258 3605 364 3663 Probus
385 3607 535 3682 Imperator
555 3624 656 3667 annum
677 3607 786 3682 Imperii
807 3607 956 3665 secundum
978 3607 1078 3674 inierit,
1102 3606 1178 3682 quod
