2534 4154
159 320 222 387 308
546 374 552 383 ,
615 332 730 385 rerivn

66 508 71 515 ·
159 487 349 560 declarabitur.
385 488 425 543 nd
446 488 514 544 haee
536 487 649 544 Basilius
670 488 698 545 iu
721 486 841 562 Epistola
863 487 897 543 ad
920 486 1079 553 Caesariam,
1104 486 1183 543 euius

75 635 79 640 ,
158 592 242 648 supra
269 573 456 638 meminimus,
485 589 547 628 cum
576 572 758 647 quotidianam
786 572 1005 639 communionem
1033 571 1181 645 plurimum

158 660 391 724 commendasset,
419 657 471 714 ista
499 657 623 713 subiicit:
652 649 738 732 ἡμεῖς
757 650 915 732 μέντοιγε
937 651 1088 733 τέταρτον
1106 649 1179 712 καθ’

159 734 290 818 ἑκάστην
310 732 474 816 ἑβδομάδα
496 742 712 816 κοινωνοῦμεν,
736 737 767 799 ἐν
788 745 826 818 τῇ
848 743 994 818 κυριακῇ,
1017 737 1049 797 ἐν
1070 743 1110 819 τῇ
1132 759 1182 797 τε-

158 822 249 905 τράδι
277 822 327 884 καὶ
355 823 387 884 έν
413 828 451 904 τῇ
472 829 652 928 παμασκιυῇ
674 821 791 905 καὶτῷ
813 819 965 906 σαββάτῳ
988 821 1039 882 καὶ
1061 821 1093 882 ἓν
1114 829 1183 893 ταῖς

159 905 267 980 ἄλλοις
287 905 425 989 ἡμέραις,
447 905 500 968 ἐὰν
520 931 540 990 ῃ
562 901 667 986 μνήμη
688 901 847 990 μάρτυρός
869 927 958 978 τινος.
998 910 1058 968 Nos
1081 920 1182 984 quater

157 1000 189 1054 in
211 1013 322 1071 quoque
335 998 512 1052 hebdomada
527 997 772 1062 communicamus,
794 996 954 1063 Dominica,
975 997 1051 1069 feria
1067 1005 1180 1068 quarta,

158 1083 329 1147 Parasacuc,
352 1081 486 1147 Sabbata,
511 1084 561 1137 sed
583 1089 609 1136 ct
631 1083 727 1138 dicbus
751 1082 879 1146 caeteris,
902 1081 933 1137 in
954 1097 1022 1154 quos
1043 1083 1182 1138 memoria

158 1167 296 1238 Martyris
325 1168 444 1243 alicuius
473 1167 581 1222 incidit.
626 1165 702 1222 Unde
727 1166 804 1239 quod
823 1167 856 1222 de
879 1166 980 1221 ieiunio
1003 1166 1105 1227 dictum
1130 1177 1180 1232 est,

158 1253 263 1308 nullum
285 1252 313 1309 in
336 1269 369 1308 eo
392 1251 558 1308 celebratum
579 1250 664 1306 fuisse
685 1251 856 1325 llysterium,
890 1251 1082 1324 neminemque
1104 1269 1183 1308 com-

159 1337 312 1393 municasse
339 1336 474 1402 fidelium,
505 1336 538 1392 de
564 1335 626 1404 solo
649 1335 877 1410 Quadragesimali
898 1353 947 1408 par
970 1344 1011 1391 est
1033 1336 1135 1409 accipi,
1159 1337 1183 1392 si

158 1422 352 1479 Alexandrinos
381 1421 496 1486 eximas,
525 1437 642 1494 quorum
671 1421 744 1477 velut
772 1421 908 1493 singulare
936 1421 1008 1476 istud
1032 1438 1046 1479 a
1069 1420 1183 1478 Socrate

159 1515 404 1572 commemoratur,
435 1506 507 1580 quod
536 1506 601 1561 feria
635 1515 730 1580 quarta
758 1515 840 1579 atque
863 1512 938 1561 sexta
960 1505 1050 1562 omnia
1072 1515 1183 1579 praeter

158 1583 280 1667 τελετὴν
302 1592 443 1665 Synaieon
470 1591 581 1665 propria
609 1590 804 1664 praestiterint.
849 1589 887 1645 lle
914 1607 969 1664 quo
997 1591 1121 1663 proxime
1143 1591 1184 1647 v-i-

159 1677 293 1733 debimus.
793 1730 795 1737 ,

245 1761 366 1835 lienique
389 1761 462 1834 quod
484 1759 650 1833 Epiphanius
672 1759 817 1826 admonet,
847 1760 986 1831 triplicem
1006 1760 1088 1831 illam
1110 1759 1184 1832 Spa·

158 1846 230 1902 auin
252 1847 360 1900 dierum
382 1845 494 1900 totidem
517 1847 552 1901 ab
569 1843 710 1916 Apostolis
732 1861 792 1899 esse
814 1846 957 1907 traditam,
980 1844 1053 1900 haud
1076 1845 1133 1901 scio
1149 1863 1183 1901 an
1245 1908 1251 1923 ·

160 1931 225 1986 satis
254 1938 329 1984 certo
359 1938 484 1985 constare
512 1938 603 2003 qrieat.
648 1929 714 1984 Nam
735 1929 829 2003 primis
853 1928 990 1984 Ecclesiae
1013 1929 1183 2002 temporibus

160 2032 232 2071 unus
256 2013 385 2068 duntaxat
406 2012 562 2068 Dominicus
587 2014 644 2069 dies
666 2015 700 2069 ad
722 2030 781 2068 earn
803 2031 861 2069 rem
884 2013 1043 2070 observatus
1067 2015 1182 2080 videtur,

160 2107 191 2155 ut
215 2117 247 2155 en
268 2098 399 2171 Apostolo
419 2102 430 2154 1
456 2099 490 2152 ad
514 2097 574 2153 [lin.
598 2100 669 2154 old
693 2097 837 2170 colligitur.
884 2099 1034 2166 Quinetiam
1062 2099 1183 2156 lustinus

159 2183 260 2258 llartyr
280 2183 360 2255 Apol
378 2183 395 2240 2
419 2199 480 2239 eum
503 2183 537 2238 de
560 2181 775 2238 Christianorum
797 2182 974 2238 conventibus
997 2183 1077 2255 agit,
1098 2184 1183 2240 solius

137 2268 314 2326 ·llominicae
343 2268 479 2324 meminit:
509 2260 564 2342 τὴν
587 2259 620 2322 δέ
641 2268 696 2323 τοῦ
718 2259 806 2341 ἡλίου
828 2259 945 2346 ἡμέραν
966 2269 1051 2344 κοινῇ
1073 2263 1185 2335 πάντες

159 2347 215 2429 τὴν
236 2347 410 2410 συνέλευσιν
430 2345 614 2425 ποιούμεθα.
645 2351 734 2420 Quare
756 2352 841 2425 magis
864 2352 890 2407 id
913 2369 944 2408 en
967 2353 1071 2426 privato
1087 2353 1184 2410 Eccle-

146 2439 216 2504 ¹siae
238 2439 371 2512 cuiusque
393 2438 446 2494 ritu
480 2454 560 2511 quam
584 2454 616 2492 ex
638 2437 776 2493 communi
795 2437 989 2510 Apostolorum
1013 2439 1182 2511 praescripto

161 2524 308 2579 derivatum
331 2523 463 2588 existimo,
487 2531 518 2577 ut
540 2532 636 2596 quarta
658 2531 764 2577 sextave
787 2522 868 2586 seria,
891 2531 937 2577 aut
960 2523 1039 2579 etiam
1063 2522 1183 2579 Sabbata

161 2608 280 2681 Synaxes
304 2617 508 2680 conventusque
530 2607 637 2663 fierent.
674 2607 759 2675 Quam
781 2607 808 2661 in
830 2624 887 2662 rem
911 2608 1038 2680 egregius
1062 2617 1103 2664 est
1126 2609 1184 2665 Aa·

160 2692 262 2766 gustini
282 2692 360 2748 locus
382 2691 510 2766 lepras,
535 2691 581 2765 qni
603 2691 668 2746 milri
690 2691 735 2747 hic
757 2690 950 2755 adscribendus
972 2692 1092 2749 videtur:
1117 2688 1188 2749 Alia

160 2793 243 2840 uera,
271 2775 376 2850 inquit,
399 2793 471 2849 puae
490 2793 545 2848 per
567 2778 631 2851 loca
654 2783 794 2831 terrarum
816 2777 999 2849 rapinamque
1020 2777 1182 2843 comantur,

160 2862 245 2917 sicuti
266 2868 307 2915 est
328 2862 403 2933 quod
424 2862 477 2916 alii
497 2862 627 2917 ieiunant
640 2859 775 2926 Sabbata,
799 2862 852 2916 alii
872 2877 939 2916 uero
954 2879 1020 2927 non,
1043 2863 1097 2918 alii
1113 2879 1183 2934 quo·

161 2947 229 3002 tidie
257 2946 461 3001 communicant
488 2946 602 3017 corpori
630 2953 656 3000 et
676 2946 811 3017 sanpuini
832 2946 993 3011 Dominico,
1023 2948 1077 3003 alii
1099 2949 1183 3003 certis

126 3046 131 3058 ¹
162 3034 260 3107 diebus
283 3031 434 3103 accipiunt,
458 3031 529 3087 alibi
550 3031 645 3086 nultus
667 3031 727 3085 dies
748 3030 950 3095 intermittitur,
973 3049 1026 3103 pua
1041 3048 1100 3088 uon
1115 3033 1184 3104 offe-

160 3126 252 3182 ratur,
275 3117 346 3173 alibi
368 3114 493 3172 Sabbata
516 3122 673 3185 contumel
693 3115 849 3180 Dominico,
873 3117 944 3171 alibi
966 3124 1074 3172 tuntum
1085 3117 1184 3172 Domi·

160 3203 239 3266 uico,
269 3208 295 3256 et
322 3201 349 3256 si
375 3202 443 3273 quid
470 3201 551 3255 aliud
572 3199 731 3255 huiusmodi
753 3201 941 3257 animaduerti
958 3209 1067 3272 potest,
1096 3210 1184 3258 totum

161 3287 213 3343 ltoc
246 3301 334 3358 penus
370 3303 463 3342 rerum
492 3286 597 3341 liberas
625 3284 709 3340 babet
741 3285 961 3341 obseruationes.
1005 3287 1183 3344 lunoceutius

162 3389 244 3444 porro
267 3370 376 3443 Epistl
402 3374 461 3427 et
490 3370 555 3426 feria
584 3379 659 3425 sexta
686 3378 712 3425 et
735 3368 853 3427 Sabbata
877 3370 1048 3428 Sacramenta
1072 3371 1183 3427 minime

111 3455 294 3514 maeelebrart
315 3455 419 3522 scribit,
443 3456 485 3510 his
508 3454 612 3519 verbis:
640 3453 723 3524 Quod
744 3455 838 3528 utique
860 3473 917 3511 nou
939 3456 1053 3510 dubium
1075 3465 1129 3522 est,
1150 3457 1183 3511 iu

163 3546 270 3608 tantum
297 3557 344 3596 eos
366 3541 507 3596 ieiunasse
530 3540 575 3610 (de
598 3540 735 3613 Apostolis
757 3539 889 3613 loquitur)
913 3541 996 3596 biduo
1018 3548 1183 3605 memorato,

162 3625 336 3700 attendido
357 3624 503 3682 Ecclesiae
524 3624 643 3690 habeat,
672 3625 726 3681 isto
756 3627 841 3691 biduo
860 3623 1049 3685 Sacramenta
1066 3629 1182 3700 pentum
