2534 4154
426 336 429 341 ’
470 350 759 404 aaruaureasroues.
1062 338 1128 401 att

104 497 264 561 eoioaonor
287 496 342 556 eici
364 495 421 575 μ’ἒν
443 500 484 571 εἰς
505 498 601 561 τύπον
622 507 683 562 τῶν
701 496 922 578 ἑβδομήκοντα,
947 496 988 571 ὡς
1003 501 1036 561 δὲ
1050 506 1127 563 συλ-

106 580 274 663 i'eeaoopyoi
295 580 350 641 dmi
372 582 429 662 τὴν
448 585 586 664 σπουδὴν
607 588 650 658 εἰς
670 585 742 657 τοὺς
763 583 904 662 πτωχοὺς
917 586 1126 668 προσφέρουσι

105 665 281 746 τιμώμενοι.
310 671 374 726 Non*
392 673 475 746 igitur
492 675 648 749 Presbyteri
671 677 805 748 simpiiees
829 685 914 739 erant,
938 675 1037 749 aiioqui
1059 678 1126 734 nihii

103 757 178 813 aliud
203 765 294 812 essent
317 768 400 830 ⁴quoru
425 753 577 837 ἐπιχώριοι
600 753 827 837 Πρεσβύτεροι,
857 769 978 816 etcum
1005 759 1127 816 avitae-

104 837 232 919 rovpyoi
252 842 434 907 nominantur,
457 861 601 919 quae-‘vor
620 844 797 918 utplurimum
821 844 1016 917 cpiscoporum
1039 846 1126 903 colie-

103 943 155 1001 gas
177 926 317 999 signifieat,
342 927 455 985 adeam
478 929 634 1002 dignitatem
657 931 821 1002 pertinuisse
841 929 973 985 videntur.
1005 931 1075 986 Sane
1097 932 1125 987 iu

103 1011 354 1084 subscriptionibus
368 1012 549 1070 coneilionrm
572 1030 767 1087 nonnunquam
783 1014 923 1087 Episcopis
945 1024 1126 1072 accensentur

105 1094 317 1169 chorepiscopi,
347 1106 377 1151 ut
404 1100 431 1153 in
454 1098 589 1171 Ephesina
611 1099 721 1173 Synodo
743 1117 770 1172 p.
789 1101 848 1155 322
874 1098 1014 1156 Caesarius
1037 1100 1125 1156 chor-

104 1181 267 1255 episcopus,
301 1190 329 1239 et
350 1181 571 1238 Neocaesaricnsi
598 1184 752 1258 Stephanus
775 1183 992 1256 chorepiscopus
1016 1184 1126 1258 cippa-

104 1267 209 1323 dociae.
238 1266 268 1322 In
290 1267 458 1322 Antiocheno
480 1285 544 1325 vero
562 1269 702 1326 cunone8
723 1269 930 1342 chorepiscopis
953 1285 1123 1334 conoessum,
1182 1261 1188 1272 “

104 1360 137 1407 ut
159 1350 284 1424 pacificas
306 1352 397 1407 literas
421 1353 540 1408 tribuere
562 1355 676 1427 possint.
709 1354 849 1409 Postremo
873 1353 926 1408 Leo
943 1353 1014 1425 Papa
1026 1353 1074 1426 cp.
1085 1356 1123 1412 88
1173 1365 1176 1371 ’

105 1435 140 1492 de
169 1436 263 1491 iisdem
293 1435 343 1492 iilis
366 1453 465 1510 agens:
489 1438 569 1494 Nam
591 1441 730 1511 quamuis,
761 1438 871 1512 inquit,
892 1453 954 1491 cant
975 1437 1125 1510 Episcopia

101 1521 232 1594 pluriam
252 1522 312 1577 iilia
326 1522 545 1577 ministeriorum
560 1525 712 1579 commanis
727 1523 765 1578 sit
780 1523 962 1595 dispensatio,
986 1524 1125 1595 quaedam

105 1613 200 1662 manen
222 1606 393 1661 authoritate
414 1609 516 1663 ceteris
538 1610 615 1680 lepis,
638 1611 778 1681 quaedam
798 1609 911 1663 nouella
933 1614 960 1662 et
980 1607 1125 1663 Ecclesia·

103 1692 182 1746 aicta
211 1692 315 1762 repetis
337 1693 392 1746 sihi
410 1693 557 1764 prohibita
578 1695 723 1757 noverint,
752 1695 825 1747 sicat
847 1693 1078 1762 Presbyteroram
1098 1701 1125 1748 et

103 1775 305 1840 macenorum,
328 1784 378 1831 ont
397 1777 540 1848 Virginem
562 1779 752 1834 consecratio:
775 1778 1027 1832 steat‘constitatio
1050 1779 1126 1833 atta-

103 1861 155 1926 ris,
178 1877 213 1916 aa
236 1861 397 1926 benedictio,
420 1864 466 1917 uei
487 1865 582 1918 unctio
605 1873 655 1919 etc.
690 1864 849 1937 Quanquam
872 1863 922 1917 hac
945 1861 1038 1918 eadem
1060 1863 1127 1936 cpi-

104 1946 176 2003 stoia
192 1947 245 2002 Leo
262 1946 478 2019 Charopisccpos
501 1948 528 2002 in
544 1948 768 2021 Presbyterorum
791 1948 913 2003 ordinem
932 1947 1039 2020 redigit,
1063 1965 1125 2005 cum

103 2032 142 2088 ita
163 2031 299 2103 loquitur:
324 2030 545 2105 chorepiscopos
567 2033 631 2106 (pai
650 2035 734 2090 iacto
758 2033 886 2089 canones
901 2032 1126 2089 Neocaesariea·

103 2132 163 2181 ses,
192 2116 252 2170 sive
272 2117 568 2173 secandammtioram
589 2121 701 2174 decreta
724 2119 841 2173 Patrona
861 2119 946 2173 iidem
966 2126 1045 2181 sant,
1076 2120 1125 2190 qai

104 2210 132 2257 et
153 2201 329 2273 Presbyteri)
357 2203 402 2257 oet
429 2202 609 2274 Presbyteros
638 2205 820 2259 destinmeat.
865 2202 919 2257 Nisi
948 2201 1017 2257 forte
1046 2203 1122 2267 haec,

104 2303 176 2363 quae
197 2286 353 2359 parenthesi
375 2285 546 2352 clauduntur,
570 2288 604 2344 ab
626 2289 715 2344 otioso
738 2288 828 2359 aliquo
850 2287 882 2341 ad
904 2287 1053 2358 marginem
1075 2286 1125 2341 ad·
1227 2336 1229 2341 .

104 2371 206 2444 scripta
227 2379 323 2444 postea
345 2371 372 2426 in
395 2380 550 2428 contentum
568 2364 737 2446 irrepserint,
761 2374 835 2445 quod
850 2386 942 2425 verum
957 2379 1036 2442 puto.
1058 2370 1123 2426 Nam
1200 2363 1202 2367 ’

105 2457 157 2512 etsi
181 2453 289 2511 canone
311 2456 544 2512 Neocaesariensis
560 2457 660 2530 Synodi
684 2460 718 2514 ts
737 2455 953 2528 chorepiscopos
976 2455 1009 2510 ad
1031 2471 1125 2510 exam-

103 2538 180 2616 plum
203 2542 374 2614 septuaginta
396 2540 559 2597 constitutos
582 2556 643 2598 esse
665 2541 803 2597 decretum
827 2541 876 2604 sit,
904 2548 993 2595 tamen
1016 2539 1125 2596 differre
1154 2601 1155 2604 Ἴ

103 2626 250 2701 plurimum
274 2642 288 2680 a
311 2626 496 2698 Presbyteris,
520 2627 608 2702 iisque
630 2625 793 2682 antecellere
807 2624 906 2680 docuit
929 2624 1021 2681 Canon
1043 2625 1123 2691 idem,

104 2726 186 2785 quem
209 2728 291 2784 sopra
313 2711 590 2767 commemoravimus.
622 2711 698 2767 Extat
720 2711 792 2766 inter
813 2709 975 2766 Pontificum
996 2709 1126 2767 Decreta-

103 2795 145 2853 tes
168 2795 287 2868 Epistola
310 2795 449 2852 Damasi·5
467 2797 505 2851 'de
521 2795 739 2870 chorepiscopis,
762 2796 789 2850 in
812 2813 871 2870 qna
888 2797 1064 2852 vehementer
1077 2813 1126 2852 or-

104 2881 195 2938 dinem
218 2880 292 2936 ilium
315 2881 446 2953 exagitat,
470 2891 606 2954 negatque
629 2880 764 2945 cauditus,
788 2897 802 2935 a
825 2880 998 2954 Presbyteris
1016 2881 1070 2936 ulia
1093 2898 1126 2936 ex

104 2973 183 3041 parte
206 2965 368 3039 discrepare.
410 2966 465 3022 Sed
483 2967 570 3022 innita
593 2976 682 3038 sunt,
696 2982 765 3040 quae
788 2975 942 3038 suspectam
966 2965 1036 3020 illius
1059 2966 1125 3038 lipi-

104 3049 193 3107 stoiae
215 3049 293 3106 iidem
317 3067 371 3106 raon
395 3051 589 3106 obesae-naris
612 3051 767 3107 hominihus
788 3050 911 3107 reddant.
951 3049 1016 3105 Nam
1040 3057 1069 3104 ut
1091 3048 1125 3104 de

103 3135 177 3210 stylo
210 3136 270 3208 ipsu
299 3136 618 3210 scribendiquegencre·
635 3137 701 3193 nihii
724 3137 768 3191 hic
790 3135 891 3198 dicam,
921 3150 1013 3189 nonne
1036 3133 1126 3188 {aisis-

103 3220 202 3276 simum
226 3230 276 3286 est,
301 3213 642 3293 quod'ihidcm'resertun
667 3219 884 3293 chorepiscopos
907 3229 960 3274 tam
977 3218 1125 3273 ahomana

104 3304 173 3361 aede
199 3320 323 3378 quamn
356 3306 440 3362 totius
468 3305 545 3365 orbis
566 3305 880 3378 Episcopisahrugatos
910 3319 940 3358 ac
973 3303 1125 3359 ministerio

104 3389 259 3464 prohibitos
289 3388 392 3447 fuisse?
411 3390 483 3446 *Vei
507 3391 591 3445 unius
615 3388 712 3445 Leonis
736 3388 870 3461 Epistola,
900 3388 1125 3462 quamproxime

103 3474 253 3539 citavimus,
278 3483 438 3548 argumento
462 3483 650 3547 cssepotest,
674 3488 728 3529 noo
742 3473 831 3528 modo
855 3488 909 3528 non
933 3472 1087 3545 antiquatas
1109 3486 1176 3538 auro

102 3559 227 3619 Rornano
249 3560 380 3616 Pontiiice
396 3559 622 3633 chorepiscopos,
647 3558 694 3614 sed
716 3557 816 3615 ascitos
838 3572 908 3622 asse,
932 3575 963 3614 ac
978 3565 1052 3614 certa
1066 3559 1125 3617 dis-
1149 3557 1153 3566 '

103 3645 204 3720 aptiae
226 3645 398 3709 comatam,
421 3660 482 3703 eum
498 3643 562 3700 auis
578 3643 736 3703 'so-dnihus
751 3643 891 3701 continere
905 3641 1125 3711 intentari-nec
