2534 4154
467 296 808 370 lnrnnnssnstonssx
895 365 905 384 Ι
1065 306 1127 371 237

108 472 219 551 oddep‘
192 496 236 532 αα
258 466 316 575 γὰρ
339 470 480 531 κοινωνία
502 467 533 550 ἡ
534 478 575 530 ιῖν
596 477 650 531 νῦν
670 448 747 554 πρός
769 468 894 542 αὐτούς·
922 468 1128 553 πεπλάνηνται

105 557 238 640 γὰρκαὶ
262 553 358 635 αὐτὴν
378 555 434 634 τὴν
454 562 573 638 ψῆφον,
596 553 701 635 dap
656 556 830 634 νομίζουσιν
850 557 1002 632 ἐπιτελεῖν,
1028 573 1055 619 et
1078 564 1128 620 alia
1160 583 1163 594 ¹

106 649 254 744 quaedam,
278 664 347 719 quac
369 655 415 701 aut
437 663 451 700 a
474 646 609 719 superiori
631 647 771 703 sanctione
793 647 962 741 discrepatum
986 656 1034 704 aut
1056 649 1078 704 si
1100 649 1127 704 in

105 734 225 806 antiquis
254 732 305 787 illis
328 730 575 788 constitutionibus
603 731 780 804 legebantur,
810 732 907 788 mirum
933 741 975 788 est
998 734 1050 789 hoc
1072 743 1127 790 tam

104 818 243 893 praesenti
266 833 296 872 ac
319 816 420 873 diserto
442 816 598 873 testimonio
622 833 700 872 usum
724 834 778 872 non
802 835 863 873 esse
882 825 976 873 contra
990 820 1127 881 audianos

105 903 296 978 llpiplrauiurn,
319 901 366 975 qui
388 901 548 957 ludaeorum
562 917 638 956 more
652 901 842 957 celebrandum
860 903 962 959 Pascha
984 904 1079 959 iisdem
1097 920 1128 960 ex

101 986 353 1045 Constitutionihus
375 986 554 1041 allirrnabant.
598 988 717 1059 Apparet
737 986 824 1066 igitur!
835 985 907 1042 aliud
924 987 1007 1044 luisse
1023 990 1129 1046 consti-

107 1075 242 1130 tutionum
263 1088 349 1145 genus
371 1088 450 1143 quam
473 1071 572 1143 quibus
587 1071 667 1126 hodic
681 1071 825 1127 Clementis
838 1089 937 1128 nomen
949 1073 1118 1130 inscribitur.

194 1160 254 1216 822
270 1157 298 1213 b.
326 1152 378 1210 ‘lun
400 1151 520 1223 δεόξωσι
543 1149 614 1222 τούς
641 1148 702 1211 ἀπὸ
724 1159 778 1230 τῆς
799 1157 974 1232 περιτομῆς]
1020 1158 1128 1215 Falsum

106 1254 149 1300 est
182 1243 332 1298 decreuisse
360 1258 480 1314 unquam
502 1241 648 1313 Apostolos
671 1250 701 1296 ut
722 1241 829 1296 ludaico
852 1242 905 1297 ritu
928 1242 1030 1298 Pascha
1054 1242 1129 1300 eele-

101 1329 247 1392 braretur,
277 1335 323 1382 aut
351 1342 414 1382 cum
446 1327 477 1381 iis
501 1326 580 1383 etiarn
605 1326 763 1381 Christianis
792 1334 873 1399 atque
895 1327 1051 1400 Episcopo,
1080 1327 1127 1402 qni

103 1413 213 1470 ludaico
242 1431 273 1468 ac
301 1412 410 1466 minime
438 1411 558 1484 legitimo
582 1421 704 1483 ternpore
726 1411 914 1483 iungerentur.
959 1412 1128 1480 Quae-enim

103 1508 150 1554 est
171 1499 222 1553 ista
245 1497 323 1560 ratio,
346 1505 393 1551 aut
415 1497 479 1568 quid
501 1497 528 1551 in
550 1507 669 1551 urentem
685 1495 835 1568 Epiphanio
855 1497 935 1560 venit,
958 1507 989 1552 ut
1004 1495 1037 1552 ab
1052 1499 1129 1570 Apo-

101 1584 185 1639 stolis
208 1583 385 1638 constitutum
408 1582 481 1637 istud
503 1591 652 1644 assereret,
682 1589 810 1654 oportere
833 1580 1000 1638 Christianos
1022 1600 1126 1647 ornnes,

100 1686 137 1725 *ao
159 1662 213 1725 τὸν
233 1661 335 1723 πάντα
357 1659 473 1740 κόσμον
494 1683 554 1720 cum
578 1666 700 1722 recutitis
715 1667 818 1722 Pascha
840 1665 948 1723 lacere?
977 1663 1059 1723 Nimis
1076 1669 1129 1724 boc

103 1753 254 1810 absurdum
278 1753 417 1808 decretum
440 1751 544 1807 luisset.
575 1751 634 1806 Non
658 1767 787 1823 negamus
810 1751 913 1824 aliquot
935 1751 1029 1810 saltem
1053 1755 1129 1826 Apo·

105 1839 193 1895 stolos
216 1838 291 1893 initio
313 1839 345 1893 ad
369 1836 528 1891 ludaeorum
552 1854 581 1891 se
606 1846 712 1909 tempus
735 1837 969 1901 accommodasse,
999 1837 1128 1910 quotide

106 1925 207 1979 Ioanne
229 1923 394 1996 Polycarpus
417 1930 444 1976 et
466 1921 631 1994 Polycrates,
654 1921 817 1995 Asiaticique
841 1939 935 1978 orrrnes
958 1932 1052 1980 eontra
1073 1923 1130 1980 llo-

106 2026 201 2064 manos
218 2007 363 2063 Pontifices
387 2007 510 2079 excipere
533 2006 672 2062 solebant:
697 2015 727 2062 ut
742 2007 875 2062 Eusebius
898 2007 997 2082 aliique
1024 2019 1128 2064 veteres

104 2102 252 2152 testantur.
298 2092 395 2146 Verum
423 2092 449 2146 id
480 2091 532 2147 ulla
555 2092 750 2148 constitutione
772 2091 912 2149 delinitum
935 2093 968 2147 ab
992 2094 1129 2166 Apostolis

105 2195 238 2251 negamus
261 2177 382 2232 omnino.
417 2176 488 2245 Quin
510 2178 602 2249 potius
625 2177 790 2233 casuarium
813 2176 846 2232 ab
869 2178 963 2233 iisdem
986 2177 1038 2233 illis
1061 2194 1130 2233 con·

105 2273 162 2320 stat
183 2263 268 2318 luisse
290 2262 427 2317 traditum.
459 2262 541 2317 Cuius
559 2254 759 2339 παραδόσεως
773 2262 895 2317 meminit
910 2261 1044 2317 Eusebius
1060 2261 1128 2318 llist.
1173 2274 1176 2282 '

109 2352 137 2412 5,
156 2349 205 2406 23.
250 2347 314 2402 Nam
345 2363 406 2402 cum
436 2346 547 2402 dixisset
569 2347 683 2402 Asianos
712 2342 743 2401 ἐκ
770 2339 1016 2421 παραδόσεως
999 2341 1130 2419 αρχαίας

102 2437 148 2491 ld
171 2434 245 2488 Luna
267 2432 375 2487 ludaico
398 2447 474 2486 more
496 2432 599 2486 Pascha
621 2430 776 2503 peregisse,
805 2422 982 2486 ὁποόαδ
970 2449 1009 2485 αν
1029 2423 1130 2526 ἡμέρᾳ

106 2520 163 2593 τῆς
184 2507 271 2590 ἓδδρο
273 2510 360 2582 ιόδος
381 2509 608 2590 παρατυγχάνω,
631 2514 723 2570 subdit
744 2531 822 2579 mox,
852 2518 879 2569 in
903 2515 1016 2570 caeteris
1039 2516 1130 2572 omni

106 2603 159 2658 bus
181 2619 232 2676 per
253 2601 348 2658 orbem
371 2600 497 2657 Ecclesiis
518 2596 551 2668 ἐξ
573 2593 776 2672 draccoleno
797 2593 998 2676 παραδόσεως
1018 2609 1131 2657 contra·

107 2689 174 2744 riam
197 2687 280 2743 luisse
303 2669 537 2742 consuetudinem.
568 2685 695 2741 Socrates
718 2701 781 2740 vero
806 2687 834 2750 5,
852 2687 891 2742 22
914 2685 1010 2742 scribit
1030 2686 1131 2742 Tessa-

106 2772 283 2829 resdecatitas
310 2772 409 2827 iactare
437 2787 467 2826 se
489 2770 654 2826 celebritatis
676 2787 742 2826 suae
763 2770 905 2826 formulam
928 2788 942 2826 a
965 2771 1065 2828 loanne
1088 2772 1131 2827 di·

106 2858 221 2916 dicisse:
252 2865 346 2912 corrtra
369 2858 504 2912 Romanos
527 2865 555 2911 et
577 2855 763 2911 Occidentales
793 2873 888 2912 omnes
916 2873 993 2912 suam
1023 2857 1074 2912 sihi
1095 2856 1129 2912 ab

106 2942 301 3016 Apostolorum
331 2941 502 3014 Principibus
529 2941 653 2996 traditam
683 2958 816 2997 asserere.
860 2933 927 2996 ἀλλ’
951 2933 1051 3008 οὐδεὶς
1074 2935 1131 3014 μὲν

104 3021 226 3084 τούτων
255 3020 408 3104 ἔγγραφον
430 3020 488 3099 ἔχει
511 3029 679 3102 παρασχεῖν
699 3020 756 3100 τὴν
776 3021 844 3103 περὶ
865 3017 984 3082 τούτων
1005 3016 1130 3082 ἀπόδει-

106 3109 163 3180 ξιν.
194 3112 279 3180 Quam
302 3112 415 3168 eandem
437 3111 512 3167 Petri
533 3129 564 3166 ac
586 3111 661 3167 Pauli
685 3111 856 3167 traditionem
875 3110 1005 3166 Catholici
1027 3110 1054 3168 in
1070 3110 1131 3165 nn·

103 3197 199 3261 tannia
221 3207 316 3253 contra
339 3197 437 3254 Scotos
459 3196 603 3269 urgebant.
640 3196 703 3251 Vide
726 3196 825 3251 bedam
847 3195 865 3250 l.
885 3199 902 3252 3
926 3195 1027 3251 Histor.
1050 3193 1129 3268 Angl.

107 3282 159 3355 [Ex
182 3283 214 3337 iis
236 3281 391 3354 castiganda
407 3282 535 3355 Scaligeri
558 3281 702 3344 sententia,
726 3280 772 3354 qui
794 3280 813 3335 l.
831 3282 848 3338 2
872 3279 906 3335 de
921 3280 1033 3336 Emend.
1050 3278 1131 3336 tem-

106 3384 206 3441 porum
228 3384 283 3422 non
306 3367 395 3422 solunt
416 3368 578 3440 Apostolos,
606 3364 756 3421 sedetiam
780 3382 842 3429 eos,
866 3365 913 3439 qui
935 3374 1045 3421 centum
1068 3374 1132 3438 post

107 3452 169 3508 illos
192 3453 269 3508 annis
292 3451 416 3508 vixerunt
437 3452 535 3508 asserit
557 3451 664 3508 ludaico
679 3467 756 3506 more
771 3450 874 3506 Pascha
882 3450 1038 3524 peregisse.
1063 3451 1131 3506 Tum

105 3537 159 3592 alia
182 3535 312 3593 nonnulla
334 3535 461 3601 subiicit,
476 3536 503 3591 in
525 3536 635 3609 quibus,
658 3552 734 3592 more
756 3536 982 3608 suppoprimus
1003 3535 1130 3610 acplanc

107 3622 246 3679 annuatia
267 3621 404 3694 loquitur,
433 3619 507 3694 quod
529 3622 630 3694 paucis.
644 3621 698 3678 boe
718 3621 780 3678 loco
803 3619 1008 3688 declarandum,
1032 3619 1132 3696 utqui
