2534 4154
158 332 223 397 tto
587 341 726 393 aarum
760 355 763 359 ·
802 356 812 400 ,2
858 337 862 343 ·

159 520 189 561 oa
211 517 280 574 quae
303 497 464 555 Pontificum
486 497 595 569 propria
623 506 687 551 sunt
710 513 842 570 usurpare
864 512 985 553 munera.
1033 496 1177 565 Qttomoa'e

159 589 261 661 inquit,
289 600 350 638 cono
371 581 521 654 Episcopis
546 583 673 655 plurimo
701 583 760 636 iltis
784 582 1003 637 ministeriorum
1025 585 1178 641 sommus

158 679 199 729 est
221 668 403 741 dispensatio.
435 667 513 734 Quod
534 666 567 722 ad
590 666 710 738 reliquos
732 675 838 739 spectat
858 666 943 722 totius
965 665 1041 723 orbis
1061 667 1179 741 Episco-

158 774 218 830 ρος,
241 772 257 810 a
277 751 550 826 quibus-prohibitos
573 767 633 807 esse
657 751 735 814 dicit,
760 761 863 808 tantum
886 750 972 814 abest,
998 760 1028 807 ut
1042 751 1069 807 id
1085 770 1181 811 verum

159 841 203 906 sit,
226 849 257 894 ut
278 840 305 893 in
329 837 506 894 oecumenica
529 835 639 909 Synodo
662 835 874 892 chalcedonensi
898 837 968 892 inter
990 835 1112 893 Clericos
1132 854 1180 895 re-

158 933 322 982 censeantur
338 922 401 978 Cen.
420 924 447 978 2.
470 913 751 995 εἶ’τιςἘπίσκοπος
766 917 811 977 inl
830 914 969 996 χρήμασι
987 917 1181 996 χειροτονίαν

158 1001 318 1082 ποιήσαιτο
342 1017 394 1062 etc.
418 1000 467 1060 xci
487 999 725 1078 χειροτονήσειεν
739 1001 785 1062 ἐπὶ
804 999 963 1082 χρήμασιν
981 996 1180 1077 'Eulaeum

158 1085 457 1168 ἢΧωρεπίσκοπον,
485 1085 503 1164 ἢ
533 1084 787 1166 Πρεσβυτέρους,
817 1085 836 1164 ἢ
865 1085 1039 1157 Διακόνους
1067 1102 1121 1150 etc.
1152 1102 1179 1151 et

158 1180 185 1234 in
208 1178 357 1252 Ephesius,
381 1177 421 1232 uti
444 1176 573 1238 diximus,
598 1175 669 1229 inter
691 1175 839 1248 Episcopus
863 1176 1056 1249 subscripserit
1078 1177 1180 1234 Caesa-

159 1263 214 1320 rius
237 1264 465 1334 chorepiscopus.
511 1260 661 1328 Quinetiam
691 1259 717 1314 in
741 1261 855 1333 Capitul.
880 1261 966 1317 Caroli
995 1263 1094 1336 lmper.
1119 1266 1179 1323 cll

111 1360 114 1366 “
159 1349 194 1405 da
216 1346 424 1420 Chorepiscopis
453 1362 485 1400 er
507 1345 673 1399 Antiocheno
696 1353 724 1400 el
746 1350 884 1417 Ancyrana
906 1347 1015 1419 Synodo
1038 1348 1180 1405 decretum

158 1434 301 1494 inseritur:
325 1441 355 1487 ut
378 1438 507 1504 appareat
529 1430 609 1484 etiam
628 1439 685 1484 turn
700 1433 727 1485 in
744 1431 834 1485 Galliis
850 1431 933 1487 luisse
948 1432 1181 1506 chorepiscopos.

157 1519 223 1574 Nam
247 1526 274 1573 et
297 1520 329 1572 erl
353 1516 503 1571 Gallicanos
520 1514 668 1586 Episcopus
684 1515 738 1570 beo
755 1515 825 1587 Papa
848 1516 881 1571 de
903 1516 998 1572 iisdem
1021 1517 1178 1590 scripserat.

158 1603 216 1659 lion
239 1604 328 1658 miuus
352 1601 447 1655 salsum
470 1608 520 1662 est,
545 1599 618 1671 quod
634 1599 688 1654 illio
703 1600 892 1673 supposititius
910 1601 1038 1658 [limosus
1051 1602 1179 1667 affirmat,

158 1705 213 1744 non
235 1688 344 1742 licuisse
367 1684 575 1758 chorepiscopis
598 1683 785 1740 Subdiaconos
808 1685 942 1750 ordinere,
965 1695 1058 1743 contra
1082 1689 1181 1745 Antio·

85 1751 92 1769 ¹
158 1773 238 1828 oheni
260 1771 372 1826 Consilii
394 1786 524 1825 canonem
549 1778 576 1824 et
594 1769 691 1824 Leonis
715 1769 866 1843 epistolam,
889 1772 935 1843 qui
951 1770 1180 1844 Presbyter-orum

158 1857 286 1912 duntaxat
309 1872 339 1910 ac
355 1855 534 1910 llinconorum
557 1853 789 1910 consecrationem
812 1855 912 1910 adimit.
942 1857 1049 1913 illenim
1064 1857 1181 1931 Episco-

158 1957 208 2014 pos
231 1939 291 1995 illos
314 1956 368 1994 non
392 1939 474 1994 luisse
490 1938 568 1993 etiam
586 1938 735 1995 rationibus
752 1939 848 1994 ibidem
865 1941 1027 1997 ostenditur.
1058 1943 1180 2001 Primulo

159 2023 232 2098 quod
254 2023 287 2078 ab
311 2041 366 2079 uno
389 2023 524 2095 Episcopo
546 2022 664 2078 ordinari
687 2024 816 2087 solerent,
841 2041 901 2080 cum
925 2025 1082 2083 al‘atrihus
1105 2027 1181 2085 edic·

158 2118 216 2166 tum
239 2109 282 2173 sit,
306 2117 336 2164 ut
359 2108 405 2181 qui
426 2107 460 2163 ab
482 2124 547 2169 uno,
571 2107 611 2161 vol
634 2124 648 2160 a
671 2106 778 2162 duobus
800 2117 865 2164 sunt
887 2110 1003 2166 ordinati
1024 2111 1177 2186 Episcopo,

158 2211 209 2253 nee
231 2194 406 2249 nominentur
419 2192 555 2265 Episcopi.
585 2190 686 2247 Deinde
708 2192 783 2265 quod
797 2193 1000 2251 Ecclesiasticus
1022 2198 1179 2253 sanctiones

57 2331 59 2336 .
158 2280 323 2353 prohibeant
344 2278 371 2333 in
393 2278 463 2342 villa,
486 2277 529 2332 vel
550 2277 576 2331 in
600 2274 720 2340 castello,
745 2287 791 2333 aut
814 2279 840 2333 in
865 2269 961 2351 exiguo
984 2280 1075 2354 aliquo
1099 2284 1181 2356 oppi-

158 2364 221 2422 dulo
245 2365 408 2437 Episcopum
430 2378 600 2419 consecrare.
636 2364 680 2425 itt,
703 2361 800 2434 inquit,
824 2363 1041 2438 chorepiscopus
1065 2376 1108 2423 eat
1129 2367 1181 2422 vil-

157 2451 235 2506 lanus
250 2450 410 2522 Episcopus.
441 2448 526 2521 igitur
547 2455 642 2503 contra
658 2445 797 2503 &nonum
820 2449 1008 2505 auctoritatem
1032 2459 1075 2507 est
1089 2451 1180 2508 Chor-

158 2535 348 2606 cpiscoporum
371 2533 515 2589 institutio.
554 2531 608 2588 Sed
630 2531 704 2604 quod
725 2531 757 2587 ad
782 2532 1045 2607 Chorepiseoporum
1067 2536 1182 2592 ordina-

159 2619 260 2674 tionem
287 2619 399 2682 attinet,
427 2618 563 2674 luerintue
592 2615 625 2671 ab
654 2633 709 2673 uno
732 2616 876 2683 duntaxat,
906 2619 983 2675 errius
1005 2621 1031 2676 in
1055 2620 1180 2678 llioecesi

159 2711 251 2766 errant,
274 2703 409 2775 Episcopo
432 2701 593 2766 consecrati,
617 2717 650 2757 an
673 2718 688 2756 a
710 2701 850 2774 pluribus,
874 2704 940 2763 nihil
962 2705 988 2759 in
1011 2705 1085 2763 omui
1107 2708 1182 2765 anti·

158 2786 268 2861 quitatis
290 2787 419 2842 memoria
442 2787 508 2842 satis
531 2803 688 2858 expressum
711 2786 791 2843 nobis
814 2789 941 2844 occurrit.
978 2789 1103 2858 Quodsi
1126 2791 1182 2846 lla·

157 2888 233 2927 maso
255 2870 293 2926 illi
315 2871 459 2930 credimus,
483 2888 536 2924 uon
560 2871 648 2926 solum
672 2870 795 2944 Episcopi
820 2881 876 2929 tum
898 2882 985 2938 erant,
1008 2876 1057 2933 sed
1078 2890 1095 2931 a
1116 2876 1182 2950 plu·

158 2957 233 3012 ribus
255 2955 334 3011 etiam
357 2955 497 3028 Episcopis
520 2955 724 3011 ordinabantur.
756 2956 834 3024 Quod
857 2974 889 3012 ex
910 2959 1071 3017 antiocheni
1089 2959 1182 3019 Gano-

158 3042 200 3099 nis
222 3040 316 3097 verbis*
334 3040 462 3101 affirmat..
482 3040 609 3112 quoniam
631 3041 669 3095 ita
691 3040 821 3113 scriptum
845 3050 902 3098 est:
926 3039 952 3100 ei
973 3039 1023 3100 nni
1034 3044 1181 3120 χειροθε-

157 3121 227 3183 σίαν
249 3114 307 3183 εἶεν
324 3117 516 3181 Ἐπισκόπων
536 3117 702 3200 εἰληφότες.
751 3124 872 3190 Videtur,
895 3127 992 3202 inquit,
1014 3129 1083 3185 anim
1106 3132 1182 3202 qood

158 3220 224 3269 tone
244 3226 302 3267 non
324 3213 360 3267 ob
383 3226 453 3275 uno,
479 3211 529 3265 sed
551 3225 570 3264 o
588 3210 720 3280 plorator
741 3212 966 3278 ordinabuntur,
994 3214 1063 3285 onio
1083 3216 1182 3273 sotto

157 3303 237 3353 unas
259 3297 363 3351 dicem
384 3294 597 3367 Episcoporum
619 3294 645 3348 ei
666 3295 703 3348 ab
726 3312 783 3350 uno
804 3297 884 3370 ficret
904 3299 1004 3353 utinm
1025 3301 1180 3364 ordinatio,

158 3397 222 3437 earn
241 3380 447 3455 sponoe-roo
465 3379 620 3452 pluraliter
642 3379 747 3434 dietum
767 3381 814 3436 sit.
837 3381 1086 3455 ¹Sedpanitivurn.
1102 3384 1180 3443 illum

110 3455 345 3529 r:,'Emuaduson
372 3466 451 3521 aliter
473 3463 565 3521 bertini
593 3463 757 3536 interpretes
784 3477 964 3540 acceperuut:
986 3477 1024 3526 ut
1052 3468 1181 3527 nimirum

153 3547 336 3624 χειροθεσία
353 3541 550 3610 Ἐπισκόπων.
564 3548 687 3605 nouilla
708 3566 838 3607 mnrium
853 3552 998 3623 imperatio
1017 3553 1071 3619 sit,
1098 3570 1180 3628 qum

158 3631 252 3707 plures
266 3633 392 3707 Episcopi
416 3635 527 3698 ludunt,
550 3633 598 3693 aad
619 3650 675 3706 qua
695 3633 764 3697 fiunt
778 3635 916 3710 Episcopi.
934 3637 1033 3706 duero
1048 3639 1180 3709 dnm
