2534 4154
471 303 761 353 intutot'ansrouas.
1071 292 1128 351 tot

116 458 243 516 Veritatis
268 473 375 529 praeco
403 458 530 512 coraibus
559 459 601 513 ito
627 460 657 513 iu
680 467 705 512 te
728 461 905 514 acclamavit.
952 459 1016 515 Cum
1040 470 1129 516 autem

111 543 231 616 corrupti
253 542 376 616 plerique
400 560 493 596 versus
518 552 625 606 esseut,
650 561 703 599 non
728 545 795 599 male
817 544 887 599 idem
910 545 955 600 ille
979 545 1131 600 eruditissi-

110 646 168 684 mus
183 627 277 684 Billius
295 629 400 699 pedum
421 628 560 682 rationem
582 646 639 683 nou
661 629 762 684 baberi
785 630 859 685 dixit.
890 631 975 686 Porro
999 630 1131 686 virulenta

110 713 150 768 illa
175 712 306 785 Scaligeri
334 713 510 784 reprehensio
540 730 593 767 non
618 714 644 767 in
669 713 844 769 Colonienses
869 715 1001 779 editores,
1033 717 1080 771 sed
1103 717 1129 771 in

111 798 269 854 Coruarium
292 804 319 852 et
335 796 469 852 Galasium
485 798 613 870 scaligeri
637 808 796 872 symmystas
819 800 898 865 cadit,
921 817 1038 873 qrrorum
1054 812 1131 856 uter-

109 900 160 956 que
184 876 282 958 κῆρυξ
304 874 454 954 ἔμμετρος
475 882 548 954 legit.

194 967 297 1024 24611.
328 962 362 1022 τὸ
384 958 442 1042 γὰρ
466 971 615 1040 στοιχεῖον
635 960 670 1022 τὸ
692 967 725 1040 η]
763 968 894 1040 Insignis,
925 968 977 1026 hoc
1000 980 1042 1025 est
1064 965 1129 1026 lnt-

108 1069 207 1126 σημος
229 1068 368 1115 numerus,
393 1062 434 1106 est
459 1054 486 1115 G,
510 1052 565 1106 sive
590 1067 615 1116 ς.
646 1051 691 1108 Sic
713 1055 788 1132 apud·
808 1052 916 1107 Hieron.
935 1054 1072 1111 Commen.
1097 1056 1129 1110 ad

108 1138 150 1192 Ps.
171 1141 208 1193 77
234 1153 314 1210 quem
337 1137 426 1192 locnm
443 1136 545 1192 tronto
561 1137 684 1192 Ducaeus
707 1138 739 1192 ad
762 1139 831 1193 lreu.
856 1138 955 1202 attulit,
987 1140 1129 1212 Scriptum

108 1230 161 1286 eat,
192 1222 294 1294 inquit,
324 1222 355 1276 iu
376 1221 521 1277 Muttbuco
551 1230 577 1277 et
599 1222 726 1277 lobuuue
755 1224 829 1294 quod
861 1222 997 1279 Dominus
1034 1234 1130 1280 noster

108 1307 178 1362 tora
207 1315 289 1361 aecta
318 1308 468 1379 crucifixus
496 1308 541 1360 sit.
587 1308 707 1361 Rursum
735 1309 870 1379 scripturn
899 1317 938 1362 est
967 1311 997 1364 c'u
1019 1309 1127 1375 Murco,

108 1394 174 1464 puio
202 1391 275 1446 bora
304 1392 387 1446 tertio
417 1392 567 1464 crucifixus
589 1393 634 1446 sit.
680 1393 742 1447 Hoc
764 1393 876 1447 uidetur
898 1410 957 1447 esce
980 1396 1128 1459 diuersum,

107 1479 155 1532 ced
176 1493 234 1532 aton
258 1484 298 1530 cot
319 1476 469 1530 diuersum.
514 1476 605 1531 Error
630 1479 798 1548 scriptorum
819 1479 890 1548 suit:
920 1487 945 1534 et
975 1481 1006 1533 iu
1027 1479 1128 1536 Murco

108 1561 178 1617 burc
201 1568 283 1622 scuto
304 1561 369 1632 suit.
405 1560 461 1617 Sed
481 1563 561 1616 ucuttt'
584 1563 733 1632 episcorum
758 1561 898 1617 Graecum
921 1579 938 1627 ς
958 1572 1129 1635 putauerunt

108 1663 166 1702 coac
194 1663 226 1720 y,
256 1647 328 1701 stent
357 1654 382 1700 et
410 1647 451 1701 ibt'
480 1663 561 1700 error
587 1647 643 1718 suit
671 1648 853 1719 scriptorum,
890 1657 920 1702 ut
944 1666 999 1720 pro
1032 1647 1128 1722 dsopb

107 1730 226 1787 fficium
253 1731 416 1786 scriberent.
461 1731 515 1785 lam
546 1731 567 1786 si
596 1732 687 1786 literas
718 1750 812 1787 ornnes
839 1733 932 1788 ordino
955 1751 1126 1806 percenseas,

108 1833 153 1873 cae
182 1815 216 1872 ad
243 1834 262 1888 η
286 1833 374 1889 usque
399 1818 436 1872 30
461 1816 622 1880 conficiunt,
653 1817 762 1873 excluso
786 1817 909 1874 videlicet
932 1833 963 1883 ς,
995 1837 1063 1891 qnae
1087 1830 1126 1875 est
1139 1824 1168 1874 14

108 1901 206 1957 senarii
228 1908 302 1956 nota.
339 1919 357 1973 η
380 1917 463 1972 porro
486 1901 512 1954 in
536 1900 677 1956 literarum
699 1903 769 1958 serie
793 1912 916 1958 octavum
939 1903 1027 1959 locum
1052 1905 1126 1960 obti-

108 1997 160 2051 net,
186 1985 210 2041 si
233 2001 250 2049 ς
272 1985 411 2049 adieceris,
436 1986 545 2057 dempto
569 2003 601 2041 eo
624 1987 778 2059 septimum.
810 1988 862 2043 Sed
879 1998 910 2044 nt
924 1990 957 2044 ad
972 1989 1127 2062 Episomnm

108 2073 224 2135 redeam,
248 2070 357 2142 proprie
380 2065 529 2143 ἐπίσημον
551 2070 655 2144 insigne
672 2082 722 2137 est,
746 2073 801 2128 sive
817 2083 881 2128 nota
897 2074 996 2128 senarii
1010 2077 1126 2140 numeri,

108 2156 157 2212 boc
181 2164 224 2210 est
246 2154 332 2227 figura
355 2155 412 2227 ipsa
435 2171 468 2219 ς,
501 2156 534 2210 de
557 2173 611 2229 quo
635 2157 694 2212 vide
717 2176 786 2231 qrrae
809 2158 929 2231 Scaliger
952 2159 1077 2215 observat
1100 2162 1126 2214 in

108 2239 206 2296 buseb.
230 2257 257 2311 p.
270 2242 338 2297 105.
369 2242 403 2295 tlt
425 2240 551 2295 irenaeus
570 2235 719 2314 ἐπίσημον
736 2259 879 2297 numerum
895 2243 1012 2315 appellat
1028 2245 1125 2315 ipsum,

108 2325 179 2398 quod
195 2325 335 2396 episcmon
359 2333 435 2381 vetus
450 2325 588 2397 interpres
612 2326 735 2381 reddidit.
766 2327 820 2382 Nos
835 2329 972 2397 tuscanen
988 2329 1126 2384 nominare

107 2427 261 2482 possumus.
285 2409 351 2464 Nam
366 2410 474 2479 armique
491 2419 580 2464 notam
597 2427 627 2464 ac
639 2410 752 2482 figuram
765 2412 911 2483 significat:
929 2412 1000 2466 unde
1014 2413 1126 2485 insignis

108 2507 238 2550 uumerus
261 2495 307 2566 qui
329 2494 437 2567 insigni,
462 2493 515 2548 boc
538 2502 580 2548 est
603 2495 732 2566 episemo,
756 2496 810 2550 sive
834 2504 896 2550 rrota
920 2497 1031 2569 exprimi
1047 2498 1125 2552 solet.

192 2581 293 2637 248³.
324 2574 460 2636 τουτέστι
483 2571 518 2634 τὸ
545 2570 718 2653 ὑστέρημα]
756 2579 827 2635 llaec
859 2598 888 2635 ex
918 2581 988 2635 Reda
1016 2581 1062 2637 lib.
1093 2584 1125 2638 de

107 2664 212 2737 loquela
235 2680 285 2736 per
306 2674 413 2736 gestum
436 2663 580 2735 intelliges.
612 2664 662 2719 tbi
685 2665 794 2720 Veteres
818 2666 897 2721 docet
919 2666 952 2722 ad
976 2669 1014 2724 99
1038 2685 1125 2740 usque

107 2749 231 2805 sinistrae
247 2766 342 2804 manus
358 2749 447 2822 digitis
464 2765 629 2813 numerasse,
654 2760 762 2805 centum
780 2767 842 2805 vero
858 2752 1032 2826 reliquosque
1048 2754 1126 2809 dein-

109 2850 171 2908 ceps
196 2835 368 2889 centenarios
392 2834 484 2889 dextra
507 2843 689 2906 computasse.

192 2921 252 2976 249
269 2935 293 2974 a.
325 2915 373 2973 καὶ
397 2914 458 2974 ἐπεὶ
482 2910 717 2994 ἀντεπεζεύχθη]
748 2921 806 2988 Quo
830 2921 961 2978 sincerior
983 2924 1026 2979 hic
1048 2923 1124 2978 locus

108 3004 212 3068 existat,
238 3003 328 3059 scribo
351 2995 428 3078 πρὸς
449 2995 504 3076 τὴν
526 3006 587 3059 τῶν
608 2994 697 3060 ὅλων.

192 3090 252 3145 249
270 3087 297 3144 lt.
328 3080 384 3153 τὰς
406 3082 438 3144 di
461 3081 579 3163 ἡμέρας
600 3083 673 3145 δέκα
690 3081 745 3145 driu
762 3082 863 3166 ὡρῶν]
887 3091 957 3145 llora
974 3089 1044 3162 apud
1060 3090 1125 3160 Epi·

108 3173 238 3246 pbanium
261 3173 327 3228 duas
350 3174 567 3246 Aequinoctialcs
591 3175 726 3238 continet,
757 3186 785 3232 ut
808 3184 835 3230 et
858 3174 909 3229 alio
931 3175 992 3230 loco
1015 3175 1126 3229 eviden-

105 3258 156 3315 tius
180 3258 289 3313 indicat.
336 3259 389 3312 lam
412 3259 484 3331 quod
507 3260 590 3314 borae
616 3263 652 3315 :tc
675 3255 788 3335 μοίρας
809 3259 919 3323 tribuit,
950 3260 987 3313 sic
1011 3258 1124 3330 intelligi

105 3352 205 3415 potest.
237 3342 283 3398 Sol
305 3342 401 3399 dicbus
424 3343 545 3417 singulis,
569 3345 622 3399 boc
645 3354 687 3399 est
704 3346 738 3399 12
757 3344 839 3407 boris,
863 3343 904 3398 vel
921 3346 969 3405 24,
994 3343 1124 3398 circulum

105 3427 243 3491 describit,
267 3427 362 3500 quiin
390 3431 425 3487 12
449 3440 539 3501 partes
564 3429 718 3484 tricenarias
741 3429 849 3491 divisus,
874 3427 1001 3499 gradibus
1018 3437 1124 3484 constat

107 3515 174 3572 369.
223 3512 403 3582 Quamobrem
433 3513 545 3586 singulis
576 3513 650 3568 boris
673 3511 920 3584 Aequinoctialibus
949 3516 983 3569 lb
1013 3514 1122 3586 gradus,

104 3597 209 3655 duabus
232 3597 317 3663 boris,
340 3598 395 3654 sive
422 3600 458 3656 12
482 3597 534 3654 diei
557 3608 642 3669 parte,
668 3600 706 3654 30
729 3598 828 3670 gradus
851 3597 968 3653 conficit.
