2534 4154
479 351 769 403 nuruaormsronrs.
1069 320 1137 405 tot

112 509 162 564 tos
184 525 237 580 per
257 522 480 579 unamquamque
502 507 705 563 hebdomadam
726 506 864 579 Hysteriu
887 512 1040 577 celebrent,
1064 510 1137 569 .lle-'

110 593 248 648 condrini
276 600 302 647 ct
330 592 450 647 llomoui
478 606 513 647 eu
540 602 633 649 uetere
661 594 784 666 quodum
812 595 964 650 traditione
990 597 1021 652 id
1048 614 1134 670 opere

111 680 311 733 detrectarunt.
341 677 379 732 lto
402 693 456 732 non
480 677 597 733 Orientis
620 677 716 743 modo,
740 679 788 734 s'ed
811 687 838 734 et
860 680 944 737 totius
967 681 1041 738 orbis
1064 699 1133 738 con-

111 762 282 819 suetudinem
305 761 389 818 suisse
404 761 512 826 scribit,
537 762 613 836 quod
633 779 684 837 ego
707 780 799 818 verum
822 779 877 819 non
899 763 1025 822 arbitror.
1070 766 1133 824 Tuit

112 848 183 903 enim
207 847 324 902 Orientis
347 846 403 902 lere
426 845 520 902 solius.
564 848 594 903 ln
616 847 764 921 Responsis
788 847 889 905 Canon.
913 848 1046 907 Timothei
1067 852 1132 909 nte-

110 932 190 988 xand.
214 931 285 1005 apud
307 931 419 986 Balsam.
443 932 576 1005 lotcrrog.
593 935 628 990 13
660 933 811 1006 quaesitum
845 943 888 990 est
915 934 1014 1008 quihus
1037 936 1138 994 alienus

111 1018 241 1089 coniuges
265 1016 405 1073 continere
428 1015 553 1072 debeant.
590 1017 747 1091 Respondet
762 1017 919 1075 Timotheus
936 1021 1045 1077 omnino
1061 1021 1140 1078 Sab-·

110 1102 175 1158 bato
198 1118 228 1157 ao
251 1100 388 1156 llomioica
413 1101 625 1175 temperandum,
650 1095 701 1157 did
723 1093 758 1158 cd
781 1098 812 1158 ἓν
835 1095 943 1170 αὐταῖς
965 1099 1019 1179 τὴν
1041 1122 1138 1163 arveo-⁸

109 1180 243 1261 ματικὴν
274 1179 391 1241 θυσίαν
423 1178 635 1263 ἀναφέρεσθαι
663 1189 708 1267 τῷ
730 1181 848 1266 Κυρίῳ.
892 1187 979 1262 Igitur
1006 1188 1132 1248 Sabbatis

109 1271 285 1327 Alexandriae
307 1269 442 1327 celebrata
464 1271 598 1345 llysteria,
622 1281 716 1329 contra
739 1289 818 1345 quam
838 1271 956 1329 Socratis
979 1284 1066 1332 aetate
1090 1277 1132 1332 ia-

110 1364 184 1412 ctum
208 1364 258 1411 est.
299 1355 380 1428 Atqui
403 1355 472 1412 forte
495 1373 528 1412 an
551 1356 641 1431 Cyprii
664 1359 747 1431 (apud
770 1374 839 1430 quos
861 1357 912 1414 ista
935 1359 1044 1432 scripsit
1065 1359 1130 1434 llpi-

108 1441 238 1515 pharios)
261 1440 406 1504 Romanos
430 1449 476 1497 aut
497 1441 598 1497 vicinos
621 1459 686 1498 suos
709 1442 902 1498 Alexandrinos
924 1443 1034 1509 imitati,
1058 1444 1131 1519 Syn-

108 1540 172 1582 axes
195 1524 282 1581 nullas
305 1523 428 1581 Sabbatis
450 1525 637 1591 instituerunt,
661 1527 771 1600 reliquis
794 1544 867 1593 vero,
896 1528 947 1584 hoc
970 1537 1013 1584 cst
1035 1538 1129 1603 quarta

109 1621 216 1666 sextove
240 1609 313 1674 laria,
337 1609 409 1665 nulla
432 1609 458 1665 in
475 1610 626 1683 Synaxibos
648 1611 776 1686 mysteria
799 1611 981 1668 celebrarunt.
1012 1613 1050 1669 lle
1068 1632 1131 1688 my-

108 1695 198 1751 steriis
222 1704 295 1750 certe
318 1695 419 1750 montio
442 1712 574 1768 nusquam
598 1697 641 1752 hic
664 1697 789 1761 habetur,
814 1706 908 1752 contra
931 1715 1010 1774 quam
1028 1696 1130 1755 (lasau-
1169 1732 1172 1737 ·

108 1780 197 1836 bonus
221 1779 319 1852 aliique
342 1788 444 1834 temere
466 1780 653 1853 prodiderunt.
699 1782 728 1837 ln
751 1784 877 1855 sequenti
899 1782 987 1856 capite
1009 1783 1129 1859 Epipha-

108 1866 169 1920 nius
193 1866 225 1921 de
248 1863 358 1920 Sabbati
381 1863 531 1938 Synaxibus
553 1865 590 1921 ita
611 1866 747 1939 loquitur,
770 1876 802 1923 ut
823 1866 850 1922 in
872 1867 992 1925 Ecclesia
1014 1886 1061 1926 sua
1084 1869 1180 1927 irs-aar

108 1950 216 2006 stitutas
240 1965 338 2022 negare
362 1948 490 2004 rideatur.
521 1949 621 2006 Scribit
644 1953 730 2007 enim:
761 1944 792 2008 ίν
813 1969 873 2008 τισι
897 1947 930 2008 δὲ
952 1943 1056 2021 τόποις
1078 1949 1128 2010 καὶ

107 2030 140 2091 ἐν
160 2037 225 2100 τοῖς
247 2027 384 2106 quiddam
407 2028 544 2102 συνάξεις
564 2031 758 2094 ἐπιτελοῦσιν.
790 2036 849 2093 Non
872 2038 956 2112 igitur
977 2039 1003 2094 in
1028 2040 1127 2113 Cypro,

106 2137 138 2176 ac
160 2119 273 2192 proinde
295 2119 432 2175 verissrma
456 2129 497 2175 cst
520 2121 676 2179 coniectura
698 2131 807 2186 nostra,
835 2121 947 2197 Cyprios
970 2123 1129 2179 Alexandri-

106 2220 204 2260 norum
228 2221 330 2259 morem
353 2204 471 2260 imitatos
494 2221 563 2262 esse.
595 2209 632 2262 dc
655 2224 717 2263 cum
738 2206 820 2280 paulo
836 2216 898 2264 ante
914 2207 1128 2264 demonstratum
1213 2272 1217 2277 ,

106 2290 151 2352 sit,
175 2288 413 2362 quadragesimalis
435 2289 526 2344 ieiunii
548 2299 672 2364 tempore
698 2291 771 2347 nulla
794 2292 821 2346 in
843 2291 926 2346 sacris
950 2292 1139 2349 conventibus

106 2372 243 2430 celebrata
267 2373 350 2430 luisse
373 2373 508 2447 mysteria,
532 2373 565 2430 de
589 2384 684 2449 quarta
707 2384 836 2449 sertaque
858 2375 924 2431 feria
946 2375 1017 2432 idem
1045 2377 1128 2433 videri

106 2459 202 2533 possit,
237 2475 297 2514 com
321 2457 421 2514 inillis
444 2458 557 2515 solenne
579 2476 715 2532 peraeque
738 2459 866 2516 ieiunium
887 2459 1007 2516 extitisse
1029 2463 1129 2518 author

107 2544 143 2599 sit
165 2543 340 2617 Epiphanius.
385 2542 439 2598 Sed
468 2559 502 2599 ne
525 2544 597 2599 istud
620 2560 822 2607 asseveremus,
846 2544 974 2617 prohibet
996 2545 1127 2620 imprimis

108 2627 184 2698 illud,
208 2628 281 2701 quod
298 2620 315 2702 t,
331 2629 394 2683 τῶν
408 2624 678 2704 προσηγιασμίνων
693 2624 864 2706 λειτουργία
879 2630 930 2686 soli
946 2630 1128 2706 Quadragesi-

105 2729 166 2769 mae
190 2713 289 2768 ieiunio
311 2713 338 2768 in
360 2712 497 2769 veteribus
521 2713 645 2770 Consiliis
668 2724 696 2770 et
711 2714 854 2788 liturgicis
872 2715 1050 2773 adscribatur.
1073 2721 1128 2773 Ac·

106 2798 178 2855 cedit
200 2806 228 2854 et
250 2797 442 2853 disertissimus
458 2798 614 2855 Tertulliani
636 2799 722 2865 locus,
747 2800 793 2874 qui
815 2800 841 2855 in
864 2799 911 2857 lib.
929 2801 962 2858 dc
978 2801 1051 2858 Orat.
1075 2801 1126 2858 sub

105 2883 188 2939 finem
210 2882 337 2945 ostendit,
361 2883 425 2956 ipsis
448 2883 593 2941 stationum
617 2884 721 2950 diebus,
746 2902 816 2961 quae
837 2886 903 2942 leria
925 2896 1020 2960 quarta
1036 2895 1127 2942 serta-

106 2985 160 3041 que
183 2985 244 3023 cum
267 2967 371 3023 ieiuniis
395 2967 464 3024 obiri
487 2980 692 3036 consueverant,
716 2979 747 3027 ut
768 2971 849 3045 paulo
866 2980 927 3043 post
943 2971 1056 3035 dicetur,
1081 2989 1127 3026 sa-

107 3051 206 3108 crificio
229 3052 360 3108 celebrari
382 3069 413 3109 ac
429 3053 596 3110 dominicum
618 3071 718 3130 corpus
735 3057 760 3111 in
778 3055 870 3111 fideles
887 3055 1011 3111 distribui
1026 3055 1125 3112 solere.

105 3137 250 3202 Similiter,
274 3137 370 3212 inquit,
394 3139 428 3194 de
443 3138 601 3196 Stationem
623 3142 720 3197 dietus
742 3157 800 3196 nou
818 3146 922 3212 putant
933 3141 1062 3213 plerique
1078 3156 1126 3196 so·

105 3224 274 3297 crificiorum
302 3223 478 3279 orationibus
506 3226 759 3289 interceuieudum,
789 3226 863 3297 quod
883 3226 968 3280 statio
990 3226 1126 3281 soluendo

105 3309 142 3363 ait
171 3315 285 3380 accepto
314 3324 432 3380 corpore
455 3307 576 3364 Domini.
620 3310 696 3382 lquo
725 3311 853 3364 deuotum
874 3308 933 3364 Dro
963 3311 1126 3383 obsequium

105 3392 290 3448 Eucharistio
311 3393 435 3456 resoluit,
459 3410 498 3448 uu
519 3396 609 3466 moqis
623 3394 683 3449 lieo
705 3394 831 3464 obliqot?
860 3393 961 3450 Nonne
981 3396 1127 3451 solemnior

106 3479 159 3533 erit
181 3479 266 3533 statio
290 3487 349 3541 tuo,
372 3477 398 3532 si
420 3485 445 3533 et
468 3478 507 3533 od
528 3496 610 3534 orum
631 3479 685 3534 oet
706 3480 838 3534 steteris?
867 3481 986 3552 Accepto
1009 3495 1144 3554 corpore-

107 3563 219 3619 llomim‘
242 3569 267 3618 et
288 3570 442 3628 reservato,
465 3571 604 3636 utrunque
625 3566 737 3620 sotrum
759 3571 807 3628 cst,
831 3571 857 3618 et
875 3564 1063 3638 participatio
1078 3581 1126 3622 au·

105 3649 206 3722 crificii
234 3657 260 3703 et
290 3648 416 3702 caecutio
445 3647 536 3718 officii.
582 3648 632 3717 Qui
661 3648 739 3704 locus
766 3647 848 3723 paulo
878 3666 893 3705 a
920 3648 999 3706 nobis
1029 3660 1125 3725 postea

918 3746 972 3798 20*
