2534 4154
167 334 229 400 254
328 317 329 320 ¹
402 295 410 315 .
620 333 732 397 varam
824 341 825 344 ’

167 513 209 561 est
238 502 393 558 llaereticos
416 500 737 565 tessarescaedecatitas,
766 509 813 557 aut
841 502 888 576 qui
915 501 943 557 in
974 499 1053 573 primi
1081 501 1184 556 mensis

167 589 270 662 epocha
292 586 438 642 aNicaeno
460 602 563 641 canone
586 584 769 650 discedebant,
793 587 886 658 quales
901 585 988 641 Latini
1007 594 1034 641 et
1051 585 1184 640 Occiden-

97 736 107 753 ο
168 672 233 730 tales
256 671 394 745 plerique,
424 679 505 742 atque
528 671 656 742 imprimis
680 670 754 726 Scoti
776 671 901 734 inerunt,
925 671 951 725 in
975 669 1062 725 tribus
1084 671 1186 726 Oetae-

168 757 260 814 teridis
284 755 433 811 embolimis
456 752 615 811 consistere.
646 755 749 828 Duplex
771 757 842 828 apud
863 755 1028 810 Christianos
1045 755 1185 811 Paschatis

168 841 322 914 depravatio
345 841 404 896 init.
439 839 530 895 Altera
554 840 631 912 plane
654 839 758 896 ludaica
782 849 809 896 et
831 840 1009 896 Asiaticorum
1032 840 1096 894 olim
1119 856 1187 912 pro·

167 927 240 1001 pria,
264 926 311 1000 qui
339 929 372 982 14
396 927 484 987 Luna,
509 942 698 999 quamcunque
721 926 747 980 in
770 925 862 980 leriam
884 925 1051 990 incurreret,
1081 925 1185 980 Pascha

168 1010 349 1068 celebrabant.
380 1010 480 1074 Altera,
505 1010 622 1082 quaein
645 1010 723 1082 primi
746 1010 846 1064 mensis
861 1010 1006 1065 Neomenias
1021 1018 1117 1066 centra
1136 1007 1187 1065 Ca-

167 1113 267 1152 nonem
290 1087 479 1158 committeret,
503 1094 566 1148 dum
588 1094 660 1150 illam
682 1095 761 1150 citius
784 1094 978 1158 ammonebat,
1002 1095 1069 1150 adeo
1093 1110 1124 1150 ut
1149 1097 1184 1151 14

167 1182 241 1237 Luna
257 1180 462 1254 Aequinoctium
485 1180 668 1250 praecederet.
700 1179 784 1247 Quam
800 1173 992 1257 διαστροφὴν
1006 1195 1075 1234 novo
1092 1195 1186 1235 errore

169 1265 350 1336 cumulabant,
373 1264 453 1319 utin
477 1264 591 1320 termino
616 1264 683 1336 ipso,
708 1265 730 1318 si
753 1265 778 1318 in
796 1264 960 1320 Dominicam
975 1263 1116 1328 incideret,
1139 1281 1188 1319 ce·

167 1349 292 1406 lebritate
307 1350 495 1421 iungerentur.
519 1349 688 1405 Posteriores
703 1349 748 1404 isti
764 1366 825 1404 cum
840 1348 1077 1404 decemnovennali
1094 1348 1185 1422 Cyclo,

168 1435 328 1490 ludaeorum
349 1434 443 1498 instar,
466 1441 618 1497 uterentur,
641 1434 669 1488 in
691 1433 798 1488 dnobus
822 1433 950 1490 duntaxat
971 1434 1047 1489 annis
1069 1432 1104 1488 ab
1123 1433 1187 1489 Ale·

167 1520 304 1576 xandrinis
327 1527 354 1574 et
371 1519 485 1574 Nicaena
508 1519 647 1574 sanctione
670 1518 844 1582 dissidebant,
869 1519 949 1591 Cyclo
971 1519 1133 1576 nimirum8
1157 1535 1188 1574 ac

172 1607 219 1663 19.
249 1604 314 1660 Nam
337 1603 436 1659 Lunari
459 1602 548 1675 Cyclo,
572 1619 626 1657 non
649 1605 737 1659 aureis
761 1603 880 1659 numeris
902 1602 1059 1658 utebantur.
1092 1603 1188 1676 ltaque

125 1718 128 1726 ·
168 1688 255 1747 tribus
279 1688 364 1761 Cyclis
387 1687 420 1743 ab
442 1687 626 1743 Alexandrinis
648 1687 846 1761 discrepabant.
887 1688 922 1743 Ut
944 1687 1058 1761 exempli
1080 1705 1187 1752 caussa,

168 1773 346 1830 Alexandrino
369 1790 484 1828 numero
511 1777 521 1829 1
548 1772 730 1845 respondebat
752 1773 865 1829 aliorum
892 1776 939 1829 17.
983 1774 1050 1829 ltem
1071 1773 1189 1829 Alexan-

169 1858 309 1913 drinorum
327 1859 343 1915 8
366 1858 480 1913 istorum
498 1860 525 1921 5,
550 1857 728 1913 decimonono
743 1857 984 1914 Alexandrinorum
996 1857 1120 1913 iudaicus
1141 1860 1187 1915 16.

169 1942 288 2013 Indeque
315 1957 376 1996 cnm
404 1941 575 1997 Alexandrini
603 1959 673 1997 anno
704 1942 774 2015 Cycli
803 1941 1054 2006 decemnovennalis
1082 1952 1187 2007 octavo,

170 2027 214 2082 cni
236 2042 364 2080 numerus
388 2031 518 2082 aureosi
543 2026 576 2081 ad
590 2026 709 2098 Aprilem
733 2043 819 2098 usque
842 2027 975 2092 convenit,
1000 2044 1123 2083 mensem
1145 2028 1189 2082 in-
1219 2027 1220 2031 ’

171 2110 327 2167 tercalarem
349 2110 514 2176 adtexerent,
539 2110 586 2183 qui
607 2128 622 2164 a
645 2113 663 2166 6
686 2111 771 2166 Martii
795 2128 907 2167 exorsus
931 2112 956 2168 in
979 2112 1078 2185 Aprilis
1097 2116 1115 2170 4
1139 2111 1190 2168 de-

170 2196 281 2259 sineret,
306 2212 336 2250 ae
358 2194 504 2268 postridie,
528 2197 580 2251 hoc
603 2203 645 2250 est
666 2195 764 2267 Aprilis
776 2198 803 2261 5,
828 2213 927 2252 annum
951 2213 1052 2253 nonum
1075 2197 1190 2254 inchoa-

170 2289 246 2344 rent,
271 2279 464 2335 lndaizantinm
487 2280 566 2336 factio
589 2297 639 2353 pro
662 2279 837 2337 embolimaeo
860 2299 1030 2338 corninunern
1054 2298 1189 2356 usurpans

170 2382 279 2430 annum,
302 2367 417 2438 primum
440 2383 561 2421 mensem
583 2364 728 2422 inchoabat
749 2366 836 2421 llartii
852 2368 879 2430 6,
904 2367 980 2423 cuius
1001 2371 1034 2423 14
1052 2367 1189 2423 Paschalis

170 2449 256 2505 llartii
284 2453 317 2507 19
341 2450 522 2523 competebat.
562 2451 635 2506 Idem
657 2467 728 2505 anno
755 2453 790 2508 19
815 2451 998 2524 contingebat,
1021 2469 1103 2524 quem
1125 2452 1190 2507 Ale-

170 2535 293 2590 xandrini
314 2535 402 2591 Pridie
424 2535 493 2590 Non.
509 2537 574 2609 Apr.
590 2535 763 2599 inchoabant,
787 2536 830 2592 alii
849 2537 882 2592 lll
898 2536 966 2592 Non.
983 2537 1101 2592 Martias.
1123 2537 1189 2593 Nam

170 2619 341 2674 Alexandrini
367 2624 402 2676 19
426 2637 535 2686 annum,
559 2621 602 2676 cui
617 2621 751 2687 Numerus
774 2638 873 2676 aureus
893 2622 1107 2693 l8prespondet,
1131 2638 1190 2676 em-

170 2702 333 2759 bolimaeum
351 2704 561 2768 constituebant,
586 2706 665 2778 eique
681 2722 800 2761 mensem
818 2705 892 2760 illum
908 2700 1079 2777 arrogabant,
1104 2721 1188 2779 aquo

171 2787 262 2842 ludaei
283 2805 381 2842 annum
405 2806 484 2844 suurn
507 2806 538 2844 ac
560 2791 675 2862 primurn
697 2807 818 2845 mensem
834 2790 1051 2863 auspicabantur.
1083 2791 1122 2846 lle
1137 2806 1189 2863 qua

172 2889 201 2928 rc
231 2880 258 2927 et
284 2880 364 2928 antea
391 2873 567 2929 disseruimus
597 2883 624 2930 et
652 2883 748 2946 agetur
776 2875 848 2930 alibi
867 2875 1013 2948 copiosius.
1058 2875 1189 2944 Quocirca

172 2973 226 3028 non
256 2957 282 3012 in
312 2957 398 3013 trihus
420 2959 595 3014 Octaeteridis
618 2958 801 3014 embolimaeis
824 2960 915 3024 annis,
945 2960 1040 3016 sedin
1065 2977 1121 3016 uno
1143 2977 1190 3015 so-

171 3041 227 3098 lum
249 3041 340 3097 ludaei
363 3053 390 3099 et
412 3042 546 3098 Haeretici
568 3061 582 3098 a
606 3043 749 3099 Catholicis
778 3043 982 3118 discrepabant,
1012 3046 1065 3101 hoc
1093 3054 1136 3101 est
1162 3044 1188 3100 in

171 3136 276 3184 octavo.

147 3246 151 3252 ·
216 3257 218 3261 Α
258 3213 316 3270 827
334 3210 361 3267 b.
381 3202 454 3267 ,ἔστι
477 3201 534 3286 γὰρ
557 3210 600 3288 τῷ
623 3199 698 3280 ὄντι]
729 3207 957 3282 Haecllpiphanii
979 3209 1095 3264 fortasse
1119 3219 1190 3265 tem·

172 3296 293 3370 poribus.
337 3298 372 3351 At
399 3304 486 3351 aetate
510 3295 674 3351 Theodoreti
700 3294 883 3349 Audianorum
913 3295 963 3350 ista
993 3294 1134 3368 disciplina
1162 3295 1189 3350 iu

172 3380 305 3437 licentiam
329 3398 358 3438 ac
380 3380 518 3436 libidinem
541 3380 697 3436 desciverat.
