2534 4154
475 330 764 381 rnruaovmstouss.
919 326 923 334 ·
1067 314 1127 379 221

112 496 167 552 ert,
191 487 264 560 quod
287 485 406 559 Epistola
429 487 480 541 ista
502 495 608 550 narrat,
640 504 695 543 non
718 486 750 542 ab
773 503 828 543 unu
852 495 956 542 tautum
980 487 1130 542 consecrati

110 573 211 633 herim
233 570 436 643 chorepiscopi.
478 571 575 626 Verum
603 571 761 643 perturbate
784 571 928 627 admodum
951 587 980 626 ac
1002 571 1131 644 perplexe

109 658 246 732 loquitur,
269 672 331 711 curn
356 655 480 719 eosdem,
507 673 577 728 quos
599 656 748 729 Episcopus
771 657 855 712 luisse
877 665 943 712 tunc
966 667 1130 719 asseruerat,

108 743 202 807 nescio
231 759 285 814 quo
308 750 388 814 paeto
411 741 525 799 subinde
547 750 629 814 neget
652 741 799 814 Episcopus
822 742 914 796 luisse.
960 740 1013 796 Sed
1035 741 1132 797 Antio-

108 828 189 887 elrani
205 825 322 881 Cononis
337 826 488 882 authoritas
503 826 660 899 opponitur,
684 828 761 882 cuius
777 844 807 882 ea
824 826 943 881 clausula
959 835 1009 889 est,
1033 821 1131 902 Χωρ-

108 908 272 969 alumnos
291 904 334 966 dt*
360 906 500 984 γίνεσθαι
530 905 591 966 ὑπὸ
619 911 674 966 τοῦ
702 912 757 984 τῆς
783 905 901 978 πόλεως
927 892 947 988 ᾖ
973 902 1129 966 ὑπόκειται

104 988 300 1055 Excantata.
338 995 568 1068 >chorepiscopus
597 1003 690 1050 autern
717 997 754 1050 ch
775 996 918 1068 Episcopo
941 997 1064 1050 ciuitatis
1086 997 1131 1051 uel

106 1082 178 1148 bct,
208 1082 254 1136 orei
273 1082 348 1135 ideas
369 1082 496 1146 adiacet,
524 1082 699 1136 ordinandus
721 1088 770 1135 est.
814 1081 882 1136 llinc
904 1080 963 1135 illae
985 1081 1129 1154 lacrymae.

106 1167 190 1241 Atqui
212 1183 273 1222 cunr
297 1165 329 1221 uh
352 1165 497 1239 Episcopo,
520 1167 563 1221 cui
586 1165 726 1221 subiectus
749 1175 799 1230 est,
824 1164 942 1220 ordinari
963 1163 1049 1230 iubet,
1073 1183 1129 1221 noa

107 1252 175 1309 alios
198 1250 329 1314 excludit,
352 1251 399 1325 qui
421 1268 474 1305 una
496 1267 592 1306 mantis
613 1251 769 1323 imponant,
794 1250 841 1306 sed
864 1251 917 1306 hoe
939 1248 1027 1305 solum
1048 1267 1132 1322 prae-

107 1338 188 1410 ripit,
218 1345 249 1391 ut
279 1335 455 1392 ordinationis
484 1353 593 1408 praeses
623 1353 653 1391 ac
676 1336 832 1392 moderator
854 1334 899 1389 ille
921 1335 971 1398 sit,
1001 1336 1078 1390 cuius
1100 1336 1128 1391 in

107 1422 210 1478 ditione
233 1431 371 1478 versatur:
401 1430 431 1475 ut
454 1421 511 1476 eius
544 1423 654 1477 hortatu
684 1421 850 1493 invitatoque
874 1418 1053 1475 adhibeantur
1074 1421 1128 1482 alii,

106 1516 138 1565 at
167 1505 272 1561 eodem
291 1505 460 1569 inconsulto,
489 1515 519 1561 ut
548 1507 652 1561 iniussu
679 1506 796 1579 denique
826 1504 1042 1577 Chorepiseopus
1072 1523 1127 1561 oon

106 1590 162 1648 iat.
207 1589 293 1658 Quam
321 1591 402 1645 huius
431 1590 546 1646 (lenonis
574 1608 636 1646 esse
665 1591 826 1646 sententiam
855 1590 972 1645 declarat
995 1589 1207 1654 Balsamo,280·

107 1692 169 1733 cum
192 1676 238 1738 ait,
263 1675 527 1748 chorepiscoporum
549 1675 600 1731 hac
622 1675 771 1748 appendice
794 1676 971 1730 refraenatam
995 1692 1129 1749 arrogan—

107 1762 188 1824 nam,
219 1761 265 1832 qui
294 1761 410 1833 propriis
438 1762 602 1832 contemptis
630 1761 770 1833 Episcopis
800 1778 813 1815 a
836 1759 1057 1832 Metropolitano,
1087 1762 1128 1817 vol

106 1845 263 1902 Patriareha
286 1845 403 1900 ordinari
427 1862 487 1901 sese
509 1845 617 1909 vellent,
642 1862 697 1919 quo
715 1845 805 1900 minus
821 1846 847 1901 iu
863 1861 976 1899 suorum
993 1854 1128 1918 potestate

106 1931 216 1988 haunt„
251 1931 314 1985 ldeo
336 1930 525 2004 constitutum,
549 1940 580 1985 ut
603 1930 635 1985 ah
658 1930 793 2003 Episcopo
816 1947 867 1986 suo
890 1941 1126 1988 consecrarentur.

105 2016 213 2073 Etenim
235 2015 398 2070 simillimum
422 2015 547 2088 quiddam
570 2015 676 2071 videtur
697 2032 728 2070 ac
751 2032 811 2070 cum
828 2014 934 2078 dieitur,
959 2014 1128 2089 eliotropo·

105 2100 190 2159 huuc
212 2099 389 2172 provinciales
413 2117 507 2155 omnes
530 2100 678 2173 Episcopus
701 2100 833 2165 ordineri3
858 2117 889 2156 ex
911 2101 994 2157 veteri
1008 2101 1125 2168 Conone,

106 2186 153 2259 qui
182 2185 210 2239 in
240 2182 453 2240 chalcedonensi
483 2185 602 2241 Concilio
630 2188 737 2242 noete
762 2202 789 2257 p.
807 2187 866 2244 389
896 2186 931 2241 ita
959 2187 1126 2258 coneipitur:

105 2260 185 2327 ὥστε
208 2264 240 2323 ἓν
260 2271 316 2348 μιᾷ
337 2259 452 2346 ἑκάστῃ
473 2271 537 2324 τῶν
556 2266 710 2343 ἐπαρχιῶν
730 2263 765 2325 τὸ
789 2272 882 2344 κῦρος
903 2263 981 2343 ἔχειν
1001 2266 1055 2328 τὸν
1074 2274 1130 2344 τῆς

82 2347 340 2455 prqrpondlsrug,
369 2350 419 2409 καὶ
449 2345 542 2410 αὐτὸν
570 2353 724 2432 καῦιοτᾷν
752 2345 870 2419 πάντας
892 2349 965 2421 τοῦς
990 2348 1050 2413 ῦαό
1072 2352 1130 2431 τὴν

106 2432 204 2514 οοτὴν
225 2434 373 2515 ἐπαρχίαν
392 2429 606 2505 Ἐαιοκόποοςι
633 2439 667 2494 Ut
688 2441 719 2493 οη
733 2455 904 2511 unoquoque
915 2443 1069 2510 provincio
1082 2443 1127 2497 ius

104 2540 140 2581 oc
152 2530 327 2597 'potestatem
341 2523 577 2596 Metropolitanus
598 2523 710 2587 haheat,
733 2523 860 2595 idemque
882 2531 1004 2588 cunctos,
1027 2529 1078 2598 qut
1096 2529 1128 2584 r'n

104 2611 205 2666 norm
222 2609 373 2681 prouincia
395 2618 468 2672 sunt,
491 2608 648 2681 Episcopus
670 2609 788 2664 ordinet.
819 2609 863 2663 Sic
879 2607 999 2663 eiusdem
1016 2610 1127 2668 Consilii

104 2697 215 2752 Aeeta
244 2711 306 2749 cum
335 2712 367 2749 er
391 2697 408 2752 2
438 2694 540 2766 Synodi
568 2695 678 2750 decreto
708 2692 1007 2764 Constantinopolitano
1029 2697 1129 2753 Archi-

105 2781 236 2854 rpiscopo
263 2796 425 2835 concessum
452 2779 565 2842 dieitur,
603 2788 634 2834 ut
662 2779 805 2843 Ponticae,
842 2779 969 2841 Asiauae,
998 2779 1127 2836 Thraciae

104 2864 270 2921 Eioeeescos
292 2864 490 2937 Metropolitani
518 2864 648 2919 duntaxat
675 2863 708 2919 ah
732 2881 764 2919 eo
788 2872 998 2921 consecrentur:
1022 2881 1127 2941 χαρο-

104 2947 264 3007 τονοῖοῦαι
286 2942 358 3015 τοὺς
369 2944 613 3025 Μητροαολίτας
634 2952 696 3005 τῶν
709 2944 936 3026 προειρημένων
951 2942 1128 3023 διοικήσεων

104 3028 192 3111 παρὰ
213 3035 269 3090 τοῦ
284 3025 537 3109 Ἀρχιεπισκόπου
562 3028 928 3104 Κωνοταντινοοπόλεως,
958 3051 1014 3090 non
1037 3035 1125 3090 statim

104 3136 278 3192 consequens
308 3129 366 3181 est,
383 3120 484 3176 solum
506 3119 747 3192 Archiepiscopum
777 3136 873 3174 manus
894 3120 1050 3191 imponere,
1078 3121 1129 3176 sed
1145 3126 1147 3130 ‘
1164 3134 1181 3165 ''—

104 3198 140 3262 τὸ
164 3205 258 3280 κῦρος
277 3198 369 3278 ἔχειν,
391 3212 423 3260 ut
444 3205 576 3260 Nicuenus
599 3204 693 3260 Canon
716 3207 733 3260 4
756 3204 892 3276 loquitur:
922 3197 957 3260 ed
981 3198 1015 3260 dt
1036 3204 1129 3280 κῦρος

104 3288 168 3346 νῦν
194 3283 360 3364 γινομένων
388 3285 534 3345 δίδοσθαι
563 3283 636 3344 eud?
660 3280 792 3362 ἑκάστην
813 3282 962 3365 ἐπαρχίαν
982 3289 1027 3367 τῷ
1048 3287 1128 3364 Mrp⁴

103 3369 283 3453 τροπαλίτῃ.
306 3375 352 3429 -Ad
375 3374 491 3430 eundem
514 3375 605 3448 itaque
627 3373 737 3429 modum
760 3372 979 3446 Chorepiscopus
1002 3390 1016 3429 a
1039 3375 1128 3449 pluri*

103 3457 156 3517 hus
171 3458 298 3516 ordinari
319 3460 423 3531 potuit,
452 3467 601 3531 praeeunte
623 3475 654 3514 ae
675 3457 834 3515 moderante
852 3457 962 3514 scilicet
979 3458 1125 3536 Episcopo.

103 3543 228 3601 Alterum
251 3543 324 3617 quod
346 3542 442 3599 imilla
464 3543 567 3599 llumasi
580 3542 706 3617 'Epistola
727 3544 899 3616 proponitur,
923 3552 1032 3601 cautum
1049 3563 1125 3612 esse,

103 3644 139 3686 uo
152 3630 189 3686 -in
210 3628 276 3685 vicis
297 3629 409 3702 agrisve·
421 3628 654 3686 constituerentur
668 3627 804 3703 Episcopi,
826 3629 1126 3695 senteutiamnostaam
