2534 4154
393 338 684 389 luruaovrnsrouns.
989 328 1054 391 toll

72 420 94 461 x

96 474 201 553 bostea
223 493 360 565 Lampsaci
387 503 585 559 convenerunt,
615 494 799 550 Valentiniano
822 504 850 550 et
870 494 981 552 Valente
1003 497 1057 552 im-

137 579 196 633 ³bus
219 578 302 632 luisse
318 570 483 650 ὁμοοοσίοο
498 588 725 652 propugnatores.
755 579 911 653 legendum
927 582 1057 637 est'enim

158 662 220 717 ’λοι
248 654 425 735 ὁμοιοίσισν
456 667 501 742 τῷ
527 661 620 739 πατρὶ
648 656 702 719 τὸν
728 656 796 721 υἱὸν
823 659 918 740 λέγειν
942 657 1058 741 ἠξίουν.

203 764 257 802 non
281 748 423 803 sozomeni
446 766 531 813 error,
555 750 603 803 sed
625 749 735 804 librarii.

222 875 228 887 .
260 825 437 898 Εὖστοίθιος
455 825 636 900 Ἐπίσκοπος
650 825 840 910 Ἐπιφανίας]
872 834 959 892 Scrib.
971 827 1058 891 Ἔπι-

242 935 277 972 uo
313 919 422 972 nornine
460 919 613 991 complures
648 929 804 974 censentur.
847 919 896 975 Est
924 922 995 975 enim
1023 921 1058 976 acl

275 1003 360 1058 altera
381 1003 415 1057 ad
437 1003 608 1076 Euphraten,
632 1003 682 1059 alia
704 1004 732 1058 in
755 1003 859 1068 Cilicia,
883 1013 913 1060 ut
936 1006 969 1061 tle
992 1004 1059 1060 reli-

209 1189 271 1240 ,aoc
288 1164 480 1243 Ἐπίσκοπος]
512 1172 570 1227 Non
593 1173 674 1227 alium
696 1172 794 1244 opinor
821 1189 882 1228 esse
905 1191 984 1247 quam
1000 1177 1058 1229 An·

141 1276 204 1311 ,utro
246 1258 295 1312 Hie
318 1258 388 1311 cuim
411 1258 581 1312 coniunctam
604 1275 665 1312 curn
687 1258 783 1312 Acacio
806 1273 928 1312 caussam
952 1259 1055 1323 habuit,

73 1360 100 1397 m
130 1360 216 1414 coquo
246 1343 271 1396 in
297 1342 461 1397 Seleuciensi
491 1350 625 1397 conventu
653 1360 667 1396 a
691 1341 861 1397 Semiarianis
884 1343 910 1397 in
934 1343 1057 1398 ordinem

72 1428 173 1490 lactus,
196 1427 312 1482 uicissim
334 1427 394 1482 illos
417 1428 444 1481 in
467 1426 765 1499 Constantinopolitano
789 1426 907 1482 Concilio
930 1427 1055 1499 perculit.

73 1512 96 1568 d·
114 1512 137 1567 si
159 1513 181 1566 is
205 1521 255 1574 est,
279 1513 376 1566 mirum
399 1512 489 1577 valtlc,
513 1511 649 1584 quomodo
672 1528 725 1566 uon
747 1521 811 1584 post
834 1511 979 1584 Georgium
1002 1511 1058 1567 sal-

72 1608 92 1652 n
115 1597 322 1652 Alexandrinum
345 1596 552 1668 subscripserit,
582 1597 629 1668 qui
651 1597 746 1669 utique
768 1605 830 1652 ante
854 1597 1004 1653 Orientales
1027 1601 1107 1653 etblt

72 1690 122 1738 ros
143 1682 291 1754 Episcopus
314 1683 493 1736 nominandus
516 1682 573 1736 luit.

126 1769 162 1823 87
168 1772 184 1823 4
202 1784 225 1822 c.
255 1761 454 1841 Hoyxpolcioc
465 1758 646 1831 Ἐπίσκοπος
660 1760 854 1839 Πηλουσίου]
881 1767 932 1834 Qui
955 1774 983 1822 et
998 1767 1059 1822 Sir-

74 1852 134 1908 ensi
157 1852 251 1907 tertiae
273 1852 439 1907 Prolcssioni
462 1868 522 1905 eum
544 1851 649 1917 blanco,
677 1851 774 1907 basilio
800 1868 830 1906 ac
852 1852 966 1908 caeteris
989 1851 1059 1907 sub-

72 1937 193 2010 ripserat.

124 2024 184 2078 875
201 2039 225 2076 a.
256 2014 284 2075 oi
305 2024 453 2095 νοονεχεῖς
473 2015 599 2097 ταύτην]
629 2022 723 2077 Variae
744 2031 809 2077 sunt
830 2021 863 2076 ab
885 2022 991 2077 Arianis
1014 2022 1059 2077 di-

72 2107 124 2163 rsis
140 2106 306 2178 temporibus
323 2107 409 2161 etlitae
425 2108 608 2180 professiones
624 2106 694 2170 litlci,
709 2122 822 2179 quarum
839 2125 934 2162 novem
947 2107 1058 2162 omnino

88 2190 423 2263 'constantinopolitanum
452 2210 540 2265 usque
563 2192 790 2256 Conciliabnluni‚
821 2192 895 2263 quod
924 2209 938 2246 a
961 2191 1060 2245 Selen-

72 2274 122 2333 tltsi
143 2278 265 2349 proxime
288 2285 330 2331 est
352 2277 482 2341 habitum,
506 2285 631 2333 recenset
653 2277 794 2340 Socrates,
817 2276 865 2331 secl
888 2284 915 2330 et
937 2276 1059 2330 Athana-

72 2378 96 2417 ts
118 2362 165 2417 lib.
182 2362 214 2415 dc
231 2361 331 2434 Sptiotl.
356 2379 387 2415 en
409 2378 464 2432 quo
486 2370 576 2416 tamon
599 2362 693 2415 decem
712 2360 887 2432 colliguntur.
915 2359 989 2435 ⁸Quas
1004 2361 1059 2415 hoc

72 2462 99 2503 to
120 2447 249 2518 attingam
273 2446 399 2500 breviter.

72 2556 86 2575 ἰ
123 2530 210 2586 Prima
233 2531 295 2585 litlei
318 2525 443 2596 ἴκθεσις
459 2529 616 2585 Antiochiae
632 2529 828 2584 Eneacniorum
850 2535 974 2599 tempore
989 2527 1060 2584 scri-⁴

72 2616 259 2672 tllarcollino
283 2625 310 2671 et
332 2615 449 2671 Probino
474 2615 549 2669 Coss,
572 2617 604 2669 A.
622 2617 691 2677 341,
710 2613 757 2669 ubi
779 2614 812 2669 tle
835 2606 924 2692 οὐσία
946 2613 1058 2670 verbum

72 2701 153 2757 illum.
198 2702 320 2757 Secunda
350 2704 375 2755 in
402 2701 495 2756 eodem
520 2699 698 2756 conciliabulo
722 2699 808 2763 edita,
837 2699 919 2771 paulo
941 2699 1059 2772 longior,

72 2786 204 2856 ti1-l'ilium
226 2788 374 2860 μονογενῆ
394 2780 470 2841 θεὸν
493 2802 522 2840 ac
544 2785 599 2858 τῆς
620 2778 727 2850 οὐσίας
747 2777 850 2841 εἰκόνα
871 2785 1056 2840 nominarunt.

72 2871 130 2927 tatia
152 2870 251 2925 ibiilem
273 2872 498 2945 alhcoplrronio
522 2871 683 2942 conscripta,
708 2887 777 2943 quae
800 2879 828 2926 et
850 2862 956 2935 οὐσίας
977 2886 1060 2925 voca-

72 2954 134 3011 tlitm
163 2956 315 3028 supprimit.
361 2958 460 3025 Quarta
485 2973 587 3028 pancos
609 2964 672 3028 post
693 2972 802 3010 menses
824 2972 874 3027 per
894 2954 1056 3016 Narcissum,

72 3040 142 3104 nim,
166 3041 287 3113 aliosque
308 3042 335 3096 in
352 3042 447 3098 Gallias
471 3042 503 3096 ad
520 3042 694 3097 Constantem
709 3042 800 3095 missa.
831 3041 859 3093 ln
876 3039 926 3094 hac
941 3037 1058 3093 damnati

72 3126 93 3181 ti·
117 3126 238 3181 dicerent
266 3122 297 3192 ἐξ
320 3119 375 3182 οὐκ
396 3117 492 3183 ὄντων
513 3119 568 3181 τὸν
587 3118 670 3196 οἷὸν,
700 3118 718 3198 ἢ
742 3121 773 3191 ἐξ
795 3115 900 3198 ἑτέρας
920 3114 1058 3178 ὑποστά-

72 3226 117 3277 wc
145 3206 193 3265 καί
222 3204 265 3284 μὴ
295 3207 327 3266 ἓν
353 3213 408 3268 τοῦ
436 3210 513 3267 θεοῦ
540 3205 699 3286 γενέσθαι,
729 3219 775 3264 aut
804 3209 886 3262 luisse
914 3205 1056 3278 aliquando

72 3308 148 3370 utpus
170 3313 232 3351 curn
255 3313 309 3350 uon
333 3307 414 3353 esset.
457 3297 553 3365 Quinta
577 3304 639 3368 post
657 3293 801 3349 triennium
819 3294 844 3347 in
861 3291 961 3347 ltaliam
976 3291 1059 3347 missa

72 3374 254 3457 ίκσόστιχος,
278 3382 330 3436 hoc
350 3392 394 3437 est
416 3382 523 3455 longior
544 3379 686 3453 appellata.
724 3380 808 3446 Quam
831 3377 939 3457 quidem
961 3375 1061 3432 Antio-

72 3464 117 3523 itto
139 3475 291 3523 contextam
314 3467 340 3521 in
356 3466 503 3523 Annalibus
527 3465 643 3537 reperio.
675 3463 729 3518 Sed
751 3464 804 3518 hoe
826 3478 915 3534 neque
931 3461 1058 3517 Socrates

80 3552 270 3618 Sozomenus,
294 3568 383 3626 neque
404 3552 566 3607 Athanasius
587 3549 719 3604 referunt.
751 3548 780 3602 ln
803 3546 931 3621 quaene
953 3537 1059 3613 οὐσίας

72 3637 140 3696 tutio
162 3637 245 3694 nulla.
277 3638 357 3694 Senta
378 3638 406 3694 in
423 3636 541 3693 Concilio
557 3633 697 3691 Sirmiensi
714 3641 809 3690 contra
824 3631 1060 3697 Plrotinumetlita
