2534 4154
154 319 224 389 aab
617 334 731 385 4444444
785 299 787 304 ’

154 506 243 547 anuos
266 496 364 562 putent
387 489 464 554 628,
487 488 540 545 hoo
562 497 605 546 est
627 505 642 543 a
664 489 768 544 Diluvio
791 489 823 546 ad
846 488 970 545 abraami
992 498 1084 544 ortum
1108 489 1184 554 448,

155 575 309 648 comperire
337 591 392 629 44444
419 574 506 646 potui.
551 573 643 646 Neque
673 573 745 631 enirn
772 573 904 630 hebraica
931 582 979 630 aut
1001 573 1183 639 Samaritana,

155 668 206 717 aut
225 667 366 732 postremo
388 658 454 715 Lxx
475 658 619 715 Saniorum
641 658 774 714 editiones
796 659 835 715 ita
855 667 1009 715 numerant.
1045 658 1185 728 Quocirca

155 760 255 802 uereor
276 753 307 801 ut
327 744 451 816 integrae
471 744 527 799 sint
547 743 701 799 numerales
722 743 865 816 Epiphauii
887 752 977 801 notae.
1022 742 1183 800 Secundum

155 829 340 887 Samaritanus
368 837 396 884 et
418 829 549 884 nonnulla
570 829 636 885 LXX
657 828 841 901 Interpretum
863 828 1044 902 exemplaria,
1071 844 1145 901 quaa
1168 845 1184 886 a

156 914 260 971 44444444
288 913 322 973 ad
349 922 439 969 ortum
460 912 585 982 Abraami
612 930 698 969 annos
720 923 865 969 numerant
888 915 965 978 942,
994 913 1093 969 additis
1120 915 1181 972 180

155 998 228 1057 fiunt
247 997 281 1055 ab
303 1006 367 1055 ortu
389 998 452 1054 Sem
474 997 508 1053 ad
531 1001 570 1057 80
593 997 717 1055 dbraami
738 998 802 1054 anni
830 999 917 1055 4422.

155 1129 159 1133 .
244 1082 348 1143 4761)
377 1076 589 1159 μυογαλίδιον]
618 1083 752 1180 Nicander
770 1083 852 1139 Ther
875 1075 995 1159 τυφλήν
1016 1099 1059 1153 τε,
1085 1098 1185 1160 σμερ·

156 1163 232 1245 δνήν
259 1186 290 1224 τε
317 1163 483 1267 sspuroicd
484 1162 518 1223 ni
545 1160 686 1244 iotydv’
673 1159 810 1243 dyovoow
836 1161 992 1243 pasoitur
1016 1169 1185 1244 προχοῇσιν

154 1249 198 1311 art
219 1244 457 1328 θνήσκουσανι
440 1271 460 1307 o
460 1247 582 1325 μάξαις.
626 1253 735 1309 Scholia
765 1253 893 1309 doeent'
887 1268 914 1308 tn
937 1260 1062 1309 rotarum
1084 1252 1184 1309 orbitis

154 1339 357 1414 deprehensum
379 1353 483 1393 murem
506 1355 649 1402 araneum,
678 1338 753 1410 quod
775 1353 872 1395 caecus
895 1338 946 1402 sit,
976 1337 1030 1393 44444
1053 1336 1184 1395 interfici.

154 1424 351 1488 ticinense
370 1424 418 1480 58.
447 1423 537 1478 Iidem
558 1423 724 1494 ubicumque
745 1423 811 1487 4444,
834 1423 955 1478 orbitam
976 1423 1002 1478 44
1024 1422 1177 1487 transiere,

132 1511 334 1606 ⁸patariuotur:
360 1507 437 1582 quasi
459 1524 515 1563 non
537 1507 640 1564 obtritu
662 1517 799 1573 rotarum,
828 1507 877 1565 sed
899 1507 924 1562 44
945 1507 1062 1580 quadam
1085 1506 1184 1564 orbitis

155 1595 223 1669 ipsis
245 1593 329 1649 indita
352 1591 540 1649 conficiantur.

242 1674 284 1744 εἷς
304 1669 441 1750 λώβησιν
463 1672 615 1753 astopiae]
644 1677 695 1733 Diu
718 1676 782 1750 quid
798 1684 872 1733 esset
886 1657 1029 1753 κελεφίας
1044 1669 1183 1750 λώβησις

155 1763 348 1838 ignoravimus,
371 1762 479 1819 tametsi
501 1762 673 1819 doctissimos
696 1763 843 1836 plerosque
866 1762 946 1826 44444,
970 1778 1002 1817 ac
1021 1762 1184 1834 pracsertim

156 1848 277 1909 medicos
306 1847 340 1903 da
369 1863 399 1902 ea
428 1864 494 1902 4444
522 1848 764 1904 consuluissemus.
810 1846 899 1915 Quare
929 1847 1061 1903 Graecum
1093 1845 1184 1920 ipsum

155 1948 257 1990 nomen
284 1932 312 1986 in
334 1931 427 1986 Latina
448 1931 673 2004 interpretatione
696 1932 899 2004 exprimendum
921 1931 1075 2005 putavimus
1098 1939 1126 1988 et
1149 1931 1183 1989 ad

157 2017 306 2089 marginem
327 2015 533 2072 haesitationem
556 2026 677 2073 nostram
699 2017 817 2089 ingenue
839 2017 956 2090 professi
972 2033 1077 2072 sumus.
1108 2017 1184 2073 iuter

122 2128 125 2133 ·
156 2118 262 2166 omnes,
286 2118 355 2174 quos
372 2099 492 2166 adhibui,
516 2100 659 2157 constabat
673 2101 847 2174 depravatum
863 2102 917 2159 hoe
932 2118 993 2157 esse
1007 2100 1180 2157 vocabulum.

156 2186 262 2255 Quibus
284 2202 319 2242 ne
341 2185 488 2242 assentirer
510 2185 636 2243 obstabat
657 2187 730 2259 quod
753 2187 810 2243 aliis
833 2186 861 2241 in
882 2186 950 2243 loeis
972 2186 1032 2243 sine
1052 2185 1108 2243 444444
1134 2203 1183 2242 ra-

155 2272 254 2333 44444444
282 2288 333 2327 von
362 2270 456 2326 eadem
476 2271 593 2345 repetita
615 2271 762 2345 legeretur.
807 2271 886 2328 Velut
907 2271 1020 2328 Haeresi
1043 2273 1130 2337 aaa
1153 2279 1182 2329 et

157 2358 215 2423 28,
237 2355 284 2413 ubi
307 2355 525 2413 Manichaeorum
548 2356 602 2413 hoc
624 2374 685 2414 esse
707 2357 847 2414 decretum
868 2357 980 2421 asserit,
1004 2364 1036 2412 ut
1058 2355 1105 2429 qui
1128 2356 1184 2413 ho·

156 2444 259 2499 minem
287 2441 416 2498 occiderit
439 2436 482 2507 εἷς
509 2439 637 2519 44444φοῦ
658 2443 764 2514 σῶμα,
793 2435 812 2516 ἢ
836 2436 878 2508 εἰς
898 2442 974 2513 μῦν,
1001 2432 1088 2515 diat(
1109 2431 1183 2518 ὅφιν

156 2528 286 2589 transiret
307 2533 371 2599 post
394 2525 507 2582 obitum.
539 2526 659 2584 Tandem
680 2544 743 2583 vero
767 2526 993 2600 aGraeeisipsis
1016 2525 1097 2582 didici
1120 2525 1186 2583 vut-

156 2612 217 2683 3444
239 2611 404 2667 Graecorum
425 2610 563 2668 idiotismo
585 2606 712 2689 uebatpbr
733 2611 863 2685 appellari
884 2604 938 2668 τὸν
958 2604 1070 2686 beneda
1086 2619 1116 2666 44
1130 2627 1183 2669 κε-

157 2690 269 2772 λεφίαν
288 2694 401 2768 lepram.
431 2694 489 2764 Qua
510 2696 539 2752 in
559 2696 755 2770 significatione
778 2696 850 2752 vocis
864 2695 1091 2770 acquiescendum
1106 2694 1184 2761 arbi-

156 2790 224 2843 tror.
255 2779 349 2854 Neque
371 2780 442 2836 enim
464 2781 537 2854 apud
558 2782 719 2854 scriptorem
741 2780 826 2837 ullum
848 2798 899 2838 444
921 2781 989 2837 baec
1011 2797 1084 2836 arne
1099 2779 1182 2847 lecta,

155 2882 208 2925 nec
231 2865 337 2939 uspiam
358 2875 476 2939 reporta.
507 2866 650 2922 Caeterum
673 2867 719 2940 qui
742 2883 758 2921 a
780 2883 857 2923 mure
879 2883 979 2921 arataeo
1001 2865 1051 2921 icti.
1069 2865 1181 2932 iueriut,

154 2951 224 3009 haec
252 2951 324 3024 ipsa,
352 2968 423 3024 quae
452 2959 598 3007 narrantur
619 2950 652 3006 ab
674 2950 842 3024 Epiphanio,
872 2950 992 3024 experiri·
1008 2967 1057 3007 eos
1077 2950 1183 3015 ,author

156 3044 200 3103 est
220 3035 315 3092 Attius
341 3037 387 3100 43,
401 3039 447 3094 44.
478 3034 534 3103 Qut
554 3036 643 3107 ipitur
664 3037 700 3091 ab
724 3052 755 3092 eo
777 3036 959 3100 mersissent,
982 3035 1029 3099 ait,
1048 3034 1096 3090 ate
1119 3035 1182 3091 4444·

154 3138 227 3179 wo
247 3120 400 3196 manifesto
420 3123 501 3194 fiunt
533 3119 700 3194 Quadrdfido
722 3122 795 3177 444444
817 3121 917 3177 ordine
931 3121 1052 3177 44444444
1066 3119 1181 3192 compt-

155 3207 273 3262 eieotur.
317 3205 355 3260 Et
376 3205 493 3276 sanquis
516 3207 626 3277 puidam
644 3207 767 3278 primum
785 3223 877 3278 purus
896 3212 1066 3278 promanat,
1085 3205 1179 3278 paula

152 3298 220 3364 poet
239 3307 308 3346 earo
328 3290 470 3347 44444444.
499 3289 614 3347 «44444444
636 3292 708 3347 enim
728 3293 821 3363 ipsura
839 3291 1050 3367 putrefactione
1061 3289 1178 3355 ¹occidit.

105 3374 369 3449 2240444444444444
391 3375 464 3433 euim
487 3376 583 3432 4444444
605 3392 771 3448 4444449444,
800 3391 871 3447 quoa
892 3377 920 3432 44
941 3377 1003 3448 puta
1025 3376 1179 3451 dirunpot,
1260 3400 1263 3405 ·

157 3475 272 3515 carnem
292 3460 484 3519 subiacentem
502 3461 693 3533 [4444444444
713 3461 820 3519 uidebit
839 3478 892 3534 per
911 3463 1030 3535 44444444
1045 3461 1181 3534 dispare·

157 3545 368 3616 umlsrtiotio
390 3553 484 3603 44444444
503 3547 632 3619 sequitur
653 3548 805 3602 demorsos

158 3680 163 3691 .
242 3622 280 3691 τὸ
300 3625 455 3706 dissolutio
473 3623 616 3710 4444444444]
647 3630 810 3689 hebraicum
831 3640 874 3691 est
892 3643 1001 3697 mora,
1018 3646 1088 3697 44444,
1109 3645 1179 3687 aaa·
