2534 4154
134 308 136 312 ’
170 322 232 386 306
625 333 738 383 rararn
797 342 821 348 ff

33 487 37 497 ’
117 490 361 556 mteonsuetnrlini
383 489 511 546 semiana.
539 488 680 545 Posterius
701 505 775 553 vero,
798 504 896 561 nempe
919 504 980 544 cum
996 489 1123 562 llysteria
1146 506 1193 546 ce-

169 577 365 640 merentum·
383 591 479 648 pacem
507 582 588 646 atque
621 574 744 630 osculnm
768 591 782 628 a
805 573 929 629 fidelibus
952 573 1073 629 oblatum
1096 573 1189 638 luisse,

71 704 79 720 .
169 665 212 719 rix
234 671 276 718 est
297 671 327 716 ut
348 659 458 733 probari
480 673 592 715 necesse
615 659 659 715 sit.
705 659 757 714 llos
781 659 851 714 enirn
875 667 917 713 est
938 659 1091 732 perspicua.
1138 658 1191 715 Sed

170 749 273 822 aliquot
294 744 468 805 nibilominus
490 752 612 799 veterum
629 744 781 800 testimonia
797 743 953 816 producam.
984 744 1104 799 Primum
1121 744 1191 800 Lao·

170 833 295 890 dioenuru
318 831 406 885 Cone·
417 829 480 884 Can.
493 830 528 886 19
552 829 578 885 in
595 827 729 902 liturgiis>
744 838 771 884 et
786 827 937 902 Synaxibus
959 829 1032 884 burno
1054 829 1191 902 praescri-

170 919 216 975 bit>
232 916 363 973 ordinem.
384 914 468 970 'Post
490 912 598 969 habitos
621 913 653 968 ab
677 913 984 987 Episcopo‘serruoncs,
1009 907 1190 969 catechume-

170 1019 267 1058 norum
291 999 453 1056 succedebat
475 998 571 1054 oratio.
618 997 720 1066 Quibus
742 998 887 1072 digressis
912 1014 996 1071 super
1016 998 1189 1070 poenitentes

170 1086 293 1147 orabant.
323 1081 347 1139 li
366 1083 416 1139 sub
439 1099 535 1139 manus
557 1082 708 1139 subeuntes
729 1082 786 1138 nbi
785 1092 972 1147 recesserant,
995 1091 1053 1138 tum
1069 1082 1188 1139 bdelium

170 1171 266 1244 triplex
289 1170 375 1226 oratio
398 1167 616 1272 concipiebatur:
640 1157 699 1223 ενδ
715 1158 815 1234 οὕτως
829 1186 884 1242 την
906 1161 1026 1242 εἰρήνην
1041 1161 1188 1224 διδοσθαι

170 1257 255 1321 iubet,
279 1249 329 1310 καὶ
351 1247 430 1354 perd
452 1271 487 1308 ao
476 1244 669 1330 Πρεσβυτέ
668 1270 740 1328 ρους
763 1248 868 1307 δοῦναι
891 1254 934 1330 τῷ
949 1243 1170 1308 Epicadum
1136 1271 1190 1326 την

170 1334 304 1443 elpe‘rppr‚
327 1329 395 1394 adae
416 1331 489 1404 code
511 1331 634 1404 λαΐκοδς
656 1332 711 1412 τὴν
733 1330 854 1412 εἰρήνην
876 1310 1011 1406 διδόναι,
1035 1333 1085 1392 καὶ
1110 1327 1190 1394 οὕτω

168 1420 224 1500 τὴν
241 1417 331 1500 apiae
345 1439 528 1499 apoocpopar
542 1417 755 1478 tentaturum
789 1423 939 1494 Tacapas
963 1421 1060 1494 inquit,
1077 1423 1189 1520 dapdt,

170 1527 254 1584 qaam
273 1510 323 1565 ubi
339 1507 481 1580 Episcopo
497 1506 664 1563 Sacerdotes
686 1508 881 1579 impertierint,
905 1508 973 1562 laici
994 1507 1083 1562 sibi
1069 1508 1191 1562 inuicem

170 1597 285 1652 dobant.
329 1593 488 1649 Secundam
515 1608 589 1664 puae
614 1594 781 1667 perficiatur
802 1592 917 1647 oblatio.
961 1595 995 1646 At
1016 1592 1191 1648 Innocentius

169 1680 254 1753 Epist.
263 1683 277 1735 >l
297 1679 339 1734 ad
361 1678 472 1734 licceat.
496 1682 576 1750 capi
613 1694 707 1750 pacem
730 1677 858 1750 probibet
881 1684 942 1731 ante
966 1676 1040 1731 finita
1063 1676 1190 1750 mysteria

170 1766 242 1821 duri:
266 1764 368 1819 Pacem
390 1779 456 1834 erpo
472 1763 586 1823 asseris,
610 1763 706 1834 iuquit,
730 1769 795 1817 cate
811 1763 939 1833 confecta
953 1760 1092 1832 Mysteria
1109 1778 1191 1834 pacs-

170 1851 235 1904 cam
253 1848 369 1920 populis
390 1849 540 1919 imperare,
563 1847 609 1902 vet
629 1848 685 1902 sibi
705 1848 780 1902 iuter
794 1847 961 1903 Sacerdotes
983 1849 1106 1911 tradere,
1131 1863 1190 1902 eam

167 1941 233 2005 post
255 1932 358 1995 omnio,
382 1947 454 2003 qaae
477 1933 589 2004 aperire
609 1949 667 1987 aaa
690 1933 784 1995 debeo,
804 1948 867 2004 pao
888 1933 924 1987 sit
938 1932 1101 1986 accessorio
1116 1932 1191 1986 iadi-

170 2019 268 2080 ceada,
287 2032 342 2088 per
363 2031 447 2088 quara
469 2023 574 2070 constet
584 2018 721 2088 populana
736 2018 773 2071 acl
788 2017 891 2080 omnia,
915 2031 987 2088 uuae
1001 2017 1032 2072 io
1047 2015 1190 2086 Mysteriis

171 2110 301 2174 aptantur,
324 2108 408 2173 atque
429 2101 460 2155 io
481 2100 611 2155 Ecclesia
633 2102 820 2165 celebrantur,
840 2103 980 2173 praebere
1002 2104 1177 2157 consciscant.

181 2218 183 2226 ν
256 2185 359 2255 Quibus
381 2183 522 2241 subductis
541 2184 676 2247 omnibns.
700 2185 786 2258 liquet
801 2186 1000 2241 vetustissimos
1014 2186 1095 2241 etiam
1112 2186 1191 2242 Chri-

96 2283 99 2287 '
169 2272 273 2329 stianos
295 2271 322 2326 iu
345 2270 495 2344 Synanibus
518 2269 576 2332 suis
596 2287 651 2325 non
673 2273 808 2344 perpetuo
831 2271 1058 2334 communicasse,
1082 2271 1191 2344 publice

169 2358 265 2413 saltem
294 2373 325 2412 ac
350 2355 479 2429 legitime.
524 2355 579 2411 llec
601 2355 709 2412 interim
731 2373 862 2429 negamus
884 2355 1006 2430 privatim
1028 2355 1118 2420 domi,
1151 2355 1190 2410 vel

171 2452 245 2498 entra
261 2441 376 2514 synaxin
400 2439 599 2496 communicare
621 2440 726 2514 aliquos
748 2441 880 2514 potuisse,
904 2457 965 2496 cnm
983 2441 1189 2505 Eucharistiam,

170 2543 251 2602 quam
274 2543 289 2581 a
311 2526 457 2581 Sacerdote
480 2525 563 2581 semel
586 2534 761 2598 acceperant,
791 2526 863 2581 domi
885 2533 1047 2583 reservatam
1071 2525 1192 2598 reliquos

171 2612 197 2666 in
220 2610 278 2666 dies
299 2611 456 2683 dispensare
479 2611 608 2666 solerent.
629 2610 677 2666 lie
700 2626 754 2684 qno
776 2611 835 2665 vide
858 2627 926 2682 quiae
942 2611 1055 2665 Basilius
1072 2610 1120 2683 Ep.
1130 2613 1189 2668 289

170 2695 202 2750 ad
220 2694 369 2750 Caesarium
385 2694 526 2750 Patricium
550 2694 652 2751 scribit.
670 2695 750 2750 *Turn
766 2695 907 2751 Annalium
931 2703 1069 2751 auctorem
1092 2696 1125 2750 ad
1142 2711 1192 2751 an-

170 2796 234 2835 num
260 2783 308 2836 57.
339 2779 430 2834 Redeo
453 2779 504 2834 iam
527 2779 560 2833 ad
576 2780 695 2852 Synaxes
711 2780 778 2843 illas,
802 2796 869 2852 ques
884 2779 1050 2854 Epiphanius
1067 2779 1101 2834 ab
1116 2784 1191 2853 Apo-

170 2863 248 2920 stolis
270 2863 354 2919 luisse
375 2863 487 2918 traditas
510 2863 633 2928 affirmat,
656 2864 737 2920 leriae
760 2872 880 2936 quartae,
904 2866 1069 2920 Parasceues
1093 2874 1121 2921 et
1137 2863 1192 2920 uo-

170 2949 293 3005 minicae.
332 2948 407 3003 lnter
427 2965 494 3021 quas
517 2949 631 3004 miretur
651 2949 784 3024 quispiam
808 2949 918 3006 Sabbati
940 2949 1105 3005 mentionem
1129 2950 1192 3005 nnl-

169 3035 221 3091 laru
245 3051 307 3090 esse
328 3033 433 3089 iactam.
471 3033 528 3089 Hoc
550 3033 621 3089 enim
644 3034 686 3089 die
709 3033 828 3107 Synaxes
851 3034 960 3090 Oriente
983 3035 1039 3090 lere
1062 3043 1121 3092 toto
1144 3050 1192 3090 ce-

170 3120 287 3177 lebratas
316 3135 347 3174 ac
374 3118 545 3192 frequentata
573 3118 697 3191 llysteria
726 3128 844 3175 testatur
870 3120 997 3175 Socrates
1026 3119 1071 3175 lib.
1103 3120 1148 3176 illo
1173 3123 1190 3176 5

171 3222 194 3260 c.
212 3207 261 3262 22.
291 3203 450 3277 Quanquam
473 3203 526 3268 hic,
545 3211 580 3258 ut
603 3203 787 3266 etSozomml
800 3206 847 3267 ta
870 3205 1064 3276 Alexandrinos
1087 3214 1116 3261 et
1135 3206 1190 3260 lto-

170 3307 265 3345 manos
282 3288 400 3361 excipit:
423 3289 485 3343 τῶν
487 3281 563 3369 γὰρ
586 3289 742 3362 πανταχοῦ
764 3290 817 3362 τῆς
831 3285 939 3362 οἷκοῑμ
931 3284 1010 3363 (ἕνης
1024 3285 1194 3365 ἐκκλησιῶν

171 3369 201 3430 ἓν
221 3366 321 3453 pulpa
343 3358 512 3444 σαββάτιδν
540 3367 618 3429 κατὰ
640 3375 743 3431 πᾶσαν
764 3363 850 3448 a‘p'd'po
853 3368 940 3441 adduc
960 3369 1140 3450 περίοδον
1126 3392 1190 3431 aar·

171 3457 323 3514 relocatur
343 3451 414 3529 arip
397 3451 567 3562 μυστήρια,
591 3451 618 3514 οἱ
641 3454 672 3514 ἐν
693 3477 730 3535 τῃ
717 3451 959 3538 Ἀλεξανδρειᾳ
982 3454 1032 3513 καὶ
1055 3452 1083 3514 oi
1107 3456 1191 3537 ἓντῇ

165 3534 237 3614 ‘Pcdp
226 3562 269 3620 pepp
292 3539 324 3599 ἐκ
345 3536 425 3609 τινὸς
447 3536 578 3619 ἀρχαίας
598 3536 799 3619 παραδόσεως
819 3547 909 3600 τοῦτο
932 3545 1028 3600 ποιεῖν
1048 3539 1191 3643 aappprrp

171 3642 276 3683 σαντο.
306 3626 373 3682 Gara
394 3628 468 3682 caim
489 3644 583 3683 omues
598 3631 682 3684 totius
698 3630 774 3684 orbis
790 3628 935 3687 Ecclesiae
950 3628 1086 3686 Sublatis
1101 3631 1191 3686 omni·
