2534 4154
108 316 170 380 164
566 324 680 374 ruram

107 504 193 546 anuos
218 490 245 552 5,
268 500 376 542 menses
399 485 428 546 6,
452 490 518 556 quot
541 479 650 536 Eusebii
673 479 827 536 chronicon
849 488 982 537 numerat.
1015 480 1053 538 lle
1076 498 1132 556 qus

108 592 137 631 re
161 591 211 630 suo
232 573 294 629 loco
317 568 474 624 videbimus.
504 567 543 622 lta
565 565 700 621 Aureliani
722 573 829 639 quarto,
853 564 942 621 Probo
966 574 993 623 et
1016 566 1134 626 Paulino

109 659 184 716 Coss.
208 656 427 713 Manichaeorum
450 651 569 707 haeresis
593 650 712 706 emersit.

195 743 254 801 638
271 759 295 797 1.
328 730 371 805 ὡς
391 726 466 792 εἶναι
490 729 550 792 ἀπὸ
573 736 628 791 τοῦ
649 728 808 811 εἰρημένου
820 727 930 809 Μάνη]
962 737 1056 792 Annus
1073 737 1131 804 hie,

108 845 162 902 quo
186 831 252 883 haec
275 821 509 882 commentabatur
530 820 706 893 Epiphanius,
730 820 830 875 Christi
852 829 894 877 est
916 823 985 879 376.
1018 822 1132 881 Valente

107 915 205 987 lmper.
225 915 241 969 5
265 919 293 967 et
316 907 500 965 Valentiniano
522 906 631 961 luniore
655 906 672 961 2
697 904 772 960 Coss.
796 921 858 960 cum
886 907 1028 980 superiore
1057 924 1132 966 anuo

107 1007 232 1055 mortuus
255 1004 328 1052 esset
351 990 551 1049 Valentinianus
573 990 674 1055 senior,
697 998 761 1062 post
784 989 958 1046 Consulatum
975 992 1133 1053 6111111113

108 1082 253 1156 etEquitii.
283 1080 406 1136 Mortuus
429 1086 471 1133 est
494 1076 564 1132 enim
580 1075 645 1131 Nor.
659 1077 704 1138 17,
729 1073 843 1148 expletis
864 1076 892 1131 in
915 1075 1027 1151 imperio
1050 1079 1132 1136 annis

112 1169 159 1233 tt,
183 1167 271 1222 atinus
287 1169 344 1222 100
368 1161 473 1218 diebus.
504 1161 592 1230 Quare
615 1159 787 1232 castigandus
810 1159 945 1226 Socrates,
973 1161 1019 1236 qui
1042 1179 1134 1223 annos

111 1255 148 1311 13
178 1252 325 1324 imperasse
347 1246 457 1310 scribit,
486 1245 559 1321 quod
582 1261 752 1320 nequaquam
775 1245 906 1318 procedit.
951 1245 1016 1302 Nam
1039 1249 1134 1323 coepit

108 1354 179 1393 anno
206 1339 265 1394 364
288 1343 352 1408 post
373 1333 517 1389 bisextum.
548 1331 642 1403 ltaque
664 1346 751 1385 annus
774 1330 1041 1405 aeraellionysianae
1058 1335 1133 1392 376.

107 1423 225 1478 Valentis
249 1430 291 1476 est
308 1423 353 1483 13,
378 1415 496 1474 Gratiani
519 1431 581 1471 vero
605 1416 622 1472 9
647 1414 747 1479 eniens,
772 1415 818 1488 qui
840 1416 990 1488 Imperator
1012 1434 1026 1473 a
1049 1417 1134 1478 Pntre

108 1507 284 1563 renunciatus
314 1503 544 1564 1111111367,
574 1507 604 1555 ut
625 1499 703 1555 initio
726 1499 807 1556 huius
831 1500 921 1573 operis
944 1504 1133 1563 adnotavimus

109 1609 141 1648 er
153 1592 275 1649 Socrate.
312 1592 346 1644 At
357 1586 558 1642 Valentinianus
571 1584 664 1640 lunior
679 1593 755 1640 serto
772 1593 835 1657 post
853 1586 936 1658 putris
959 1585 1063 1644 obitum
1087 1589 1135 1648 die

109 1678 293 1750 Imperatore
316 1671 446 1728 militibus
470 1679 511 1726 est
526 1670 667 1734 salutatus,
692 1670 787 1725 eodem
802 1670 918 1727 authore
934 1671 1055 1738 Socrate,
1079 1691 1134 1733 uec

108 1778 163 1818 nun
187 1769 214 1817 et
236 1758 374 1814 Ammiano
396 1756 414 1811 l.
429 1758 478 1813 30.
510 1755 575 1810 Cum
598 1755 726 1810 adversus
749 1755 819 1811 hano
834 1755 962 1811 Haeresin
985 1757 1131 1827 scriberet,

109 1846 219 1901 tertium
242 1844 293 1898 iarn
316 1857 415 1897 atinum
433 1840 460 1895 in
476 1840 529 1895 hoc
545 1856 627 1913 opere
644 1839 802 1895 versabatur
816 1839 991 1914 Epiphanius.
1023 1842 1133 1918 Quippe

109 1945 181 1984 anno
199 1931 258 1986 374
282 1926 402 1982 scribere
424 1933 467 1980 est
489 1940 644 1997 aggressus,
669 1933 699 1980 ut
715 1925 741 1979 in
757 1924 927 1981 Praelatione
943 1925 1044 1984 docuit.
1076 1928 1132 1987 seu

110 2011 142 2068 ab
166 2021 229 2068 ortu
244 2011 461 2067 Manichaeorum
483 2009 516 2064 ad
539 2009 612 2063 launo
634 2008 723 2082 ipsum
738 2025 838 2065 annum
853 2011 1061 2070 mendosissime
1077 2030 1133 2070 uu-

109 2105 249 2154 merantur
270 2095 396 2159 11111177,
420 2111 469 2167 pro
492 2092 592 2168 quihus
615 2109 700 2148 annos
721 2096 776 2150 167
801 2095 990 2152 rescribendos
1013 2097 1040 2152 iu
1055 2114 1133 2156 mar-

110 2185 172 2258 gine
201 2181 367 2238 censuimus.
412 2178 516 2234 Pendet
545 2194 576 2233 ea
604 2179 762 2233 numerandi
786 2181 855 2235 ratio
879 2197 910 2236 ex
932 2182 1131 2254 Imperatorum

109 2268 196 2332 anais,
219 2266 253 2323 de
276 2265 383 2341 quibus,
406 2264 575 2337 maximeque
598 2263 794 2336 superioribus,
819 2282 922 2320 sumnia
945 2276 996 2330 est,
1021 2276 1052 2324 ut
1067 2278 1133 2327 ante

109 2354 274 2415 monuimus,
301 2349 442 2406 Annalium
466 2348 660 2422 discrepantia,
684 2347 718 2404 de
740 2366 793 2422 qua
815 2350 866 2405 alio
891 2351 917 2405 in
941 2351 1002 2407 loco
1024 2361 1133 2411 statue-

109 2456 179 2494 mus.
223 2437 334 2493 Interim
360 2436 383 2491 si
405 2434 550 2490 Aureliano
575 2436 592 2490 5
622 2432 750 2490 duntaxat
783 2452 869 2490 anuos
899 2452 961 2492 oum
989 2437 1132 2496 mensibus

109 2524 213 2596 aliquot
235 2538 402 2594 arrogemus,
425 2528 507 2591 utque
530 2518 600 2574 illius
624 2535 694 2574 anno
719 2523 735 2575 4
760 2519 850 2575 Manes
873 2521 1014 2593 prodierit,
1039 2523 1132 2581 Probo

110 2616 137 2663 et
159 2606 272 2663 Paulino
296 2606 372 2661 Coss.
396 2612 455 2659 esto
479 2621 565 2660 annus
589 2605 639 2660 iste
662 2603 762 2660 Christi
787 2605 856 2664 265.
902 2605 970 2662 llinc
992 2607 1075 2680 igitur
1097 2609 1132 2665 ad

112 2693 171 2748 376
195 2691 256 2744 anni
280 2698 458 2745 numerantur
485 2690 551 2745 tot.
583 2688 657 2756 Quos
680 2689 716 2743 ita
739 2705 771 2743 er
787 2689 928 2763 Epiphanii
951 2701 1042 2747 mente
1064 2710 1136 2766 par·-¹

109 2777 158 2833 tim
181 2776 233 2830 hoc
255 2775 314 2847 ipso
337 2774 414 2836 loco,
439 2774 534 2845 partim
557 2772 604 2828 lib.
627 2773 661 2828 de
683 2773 768 2828 Pond.
792 2775 949 2848 dispensare
972 2792 1131 2850 possumus.

109 2858 269 2917 Aurelianus
292 2865 355 2932 post
377 2873 437 2912 eum
461 2874 576 2918 annum,
603 2875 658 2932 quo
680 2858 797 2930 priunum
819 2859 909 2916 Manes
933 2861 1043 2927 exstitit,
1067 2862 1132 2923 visit

109 2962 208 3002 annum
237 2947 261 3007 l,
284 2960 392 2998 menses
416 2943 444 3006 6,
468 2941 575 2997 Tacitus
597 2959 633 2997 nt.
651 2943 679 3006 6,
703 2942 808 2999 Probus
831 2960 855 2999 1.
873 2946 900 3009 6,
925 2962 960 3021 tp.
979 2950 1007 3003 4.
1045 2946 1134 3006 Carus'

110 3047 170 3088 curn
195 3028 255 3086 filiis
278 3030 357 3091 12,
383 3026 564 3082 Diocletianus
586 3043 610 3081 1.
628 3028 683 3091 20,
709 3027 901 3084 Constantinus
923 3048 947 3086 1.
965 3032 1014 3089 32.
1047 3031 1133 3090 Colli-

109 3124 213 3190 guntur
239 3113 272 3170 ab
302 3116 413 3169 annod
443 3110 579 3166 Aureliani
612 3112 644 3167 ad
668 3111 836 3169 Constantini
864 3113 968 3171 obitum
990 3117 1054 3172 anni
1079 3120 1130 3177 63.

109 3200 181 3257 Obiit
204 3198 395 3254 Constantinus
418 3213 450 3253 ex
472 3195 592 3251 omnium
615 3198 749 3253 sententia
771 3214 842 3254 anno
867 3202 937 3257 337.
972 3203 994 3256 A
1019 3218 1073 3275 quo
1097 3200 1132 3260 ad

109 3301 209 3341 annum
234 3287 293 3342 376
316 3282 413 3356 reliqui
435 3289 500 3337 sunt
516 3283 565 3346 39,
589 3282 635 3357 qui
658 3282 691 3338 ad
708 3284 746 3342 63
770 3283 888 3340 adiuncti
911 3302 1044 3343 summam
1060 3304 1132 3345 cou-

109 3370 204 3426 srciunt
226 3385 358 3424 annorum
385 3369 452 3425 tut.
1132 3384 1137 3391 ·

195 3455 296 3512 6381.
325 3443 386 3526 ἤδη
409 3445 443 3508 δὲ
463 3441 592 3528 ἀνδράσι
613 3444 769 3528 μεγάλοις]
800 3451 988 3511 Theodoretus
1004 3454 1132 3531 Scripto-

110 3554 165 3600 res,
189 3538 235 3610 qui
257 3538 385 3593 adversus
401 3536 617 3591 Manichaeorum
633 3545 734 3592 sectam
750 3538 958 3596 commentarios
975 3541 1129 3609 ediderunt,

110 3629 235 3678 recenset
256 3621 339 3686 istos,
363 3622 452 3677 Titum
474 3619 668 3678 bostrenorum
689 3622 867 3698 Episcopum,
892 3622 1038 3683 Diodorum
1062 3628 1132 3689 111-
