<?xml version="1.0" encoding="UTF-8"?>
<!DOCTYPE html PUBLIC "-//W3C//DTD XHTML 1.0 Transitional//EN"
    "http://www.w3.org/TR/xhtml1/DTD/xhtml1-transitional.dtd">
<html xmlns="http://www.w3.org/1999/xhtml" xml:lang="en" lang="en">
 <head>
  <title>
</title>
<meta http-equiv="Content-Type" content="text/html;charset=utf-8" />
  <meta name='ocr-system' content='tesseract 3.04.00' />
  <meta name='ocr-capabilities' content='ocr_page ocr_carea ocr_par ocr_line ocrx_word'/>
</head>
<body>
  <div class='ocr_page' id='page_1' title='image "./epiphaniiepisco00epipgoog_0017.png"; bbox 0 0 2534 4154; ppageno 0'>
   <div class='ocr_carea' id='block_1_1' title="bbox 151 336 812 389">
    <p class='ocr_par' dir='ltr' id='par_1_1' title="bbox 151 336 812 389">
     <span class='ocr_line' id='line_1_1' title="bbox 151 336 812 389; baseline -0.014 5"><span class='ocrx_word' id='word_1_1' title='bbox 151 340 192 386; x_wconf 67' lang='grc' dir='ltr'><strong><em>ΠΙ</em></strong></span> <span class='ocrx_word' id='word_1_2' title='bbox 496 337 583 389; x_wconf 75' lang='grc' dir='ltr'><strong><em>ΒΙΟΣ</em></strong></span> <span class='ocrx_word' id='word_1_3' title='bbox 599 336 812 387; x_wconf 70' lang='grc' dir='ltr'><strong>ΕΠΙΨΑΝΙΟῖ</strong></span> 
     </span>
    </p>
   </div>
   <div class='ocr_carea' id='block_1_2' title="bbox 109 480 1165 2134">
    <p class='ocr_par' dir='ltr' id='par_1_2' title="bbox 122 480 1165 1062">
     <span class='ocr_line' id='line_1_2' title="bbox 146 480 1162 580; baseline -0.003 -25"><span class='ocrx_word' id='word_1_4' title='bbox 146 511 205 572; x_wconf 83' lang='grc' dir='ltr'><strong><em>την</em></strong></span> <span class='ocrx_word' id='word_1_5' title='bbox 225 485 284 573; x_wconf 81' lang='grc' dir='ltr'><strong><em>τὴν</em></strong></span> <span class='ocrx_word' id='word_1_6' title='bbox 306 483 443 580; x_wconf 83' lang='grc' dir='ltr'><strong><em>σάρκα,</em></strong></span> <span class='ocrx_word' id='word_1_7' title='bbox 443 480 511 553; x_wconf 78' lang='grc' dir='ltr'><strong><em>ἀλλ’</em></strong></span> <span class='ocrx_word' id='word_1_8' title='bbox 536 481 689 569; x_wconf 79' lang='grc' dir='ltr'><strong><em>ἑτέραν</em></strong></span> <span class='ocrx_word' id='word_1_9' title='bbox 672 481 738 552; x_wconf 83' lang='grc' dir='ltr'><strong><em>ἀντ’</em></strong></span> <span class='ocrx_word' id='word_1_10' title='bbox 763 480 864 571; x_wconf 81' lang='grc' dir='ltr'><strong><em>αὐτῆς</em></strong></span> <span class='ocrx_word' id='word_1_11' title='bbox 883 489 937 553; x_wconf 87' lang='grc' dir='ltr'><strong><em>καὶ</em></strong></span> <span class='ocrx_word' id='word_1_12' title='bbox 959 485 1003 572; x_wconf 80' lang='grc' dir='ltr'><strong><em>μὴ</em></strong></span> <span class='ocrx_word' id='word_1_13' title='bbox 1027 480 1162 554; x_wconf 85' lang='grc' dir='ltr'><strong><em>ἀνίστα-</em></strong></span> 
     </span>
     <span class='ocr_line' id='line_1_3' title="bbox 147 566 1165 669; baseline -0.003 -16"><span class='ocrx_word' id='word_1_14' title='bbox 147 589 233 653; x_wconf 87' lang='grc' dir='ltr'><strong><em>σθαι</em></strong></span> <span class='ocrx_word' id='word_1_15' title='bbox 254 582 296 650; x_wconf 84' lang='grc' dir='ltr'><strong><em>τά</em></strong></span> <span class='ocrx_word' id='word_1_16' title='bbox 317 566 443 651; x_wconf 75' lang='grc' dir='ltr'><strong><em>παιδίοί</em></strong></span> <span class='ocrx_word' id='word_1_17' title='bbox 460 584 606 651; x_wconf 79' lang='grc' dir='ltr'><strong><em>τίλεια’</em></strong></span> <span class='ocrx_word' id='word_1_18' title='bbox 592 610 626 650; x_wconf 88' lang='grc' dir='ltr'><strong><em>εν</em></strong></span> <span class='ocrx_word' id='word_1_19' title='bbox 648 586 687 669; x_wconf 80' lang='grc' dir='ltr'><strong><em>τῇ</em></strong></span> <span class='ocrx_word' id='word_1_20' title='bbox 711 577 900 650; x_wconf 76' lang='grc' dir='ltr'><em>ἀναστάσει.</em></span> <span class='ocrx_word' id='word_1_21' title='bbox 929 583 1036 669; x_wconf 81' lang='grc' dir='ltr'><strong><em>τούτῳ</em></strong></span> <span class='ocrx_word' id='word_1_22' title='bbox 1055 583 1165 650; x_wconf 76' lang='grc' dir='ltr'><strong><em>ἐπιτι-</em></strong></span> 
     </span>
     <span class='ocr_line' id='line_1_4' title="bbox 146 675 1164 768; baseline 0.001 -23"><span class='ocrx_word' id='word_1_23' title='bbox 146 679 254 767; x_wconf 73' lang='grc' dir='ltr'><strong><em>μύσας</em></strong></span> <span class='ocrx_word' id='word_1_24' title='bbox 287 675 305 746; x_wconf 91' lang='lat'><strong><em>6</em></strong></span> <span class='ocrx_word' id='word_1_25' title='bbox 336 676 429 766; x_wconf 84' lang='grc' dir='ltr'><strong><em>όίγιος</em></strong></span> <span class='ocrx_word' id='word_1_26' title='bbox 452 675 647 768; x_wconf 79' lang='grc' dir='ltr'><strong><em>Ἐπιφάνιος</em></strong></span> <span class='ocrx_word' id='word_1_27' title='bbox 679 682 793 766; x_wconf 78' lang='grc' dir='ltr'><strong><em>λαβεῖν</em></strong></span> <span class='ocrx_word' id='word_1_28' title='bbox 827 678 978 763; x_wconf 86' lang='grc' dir='ltr'><strong><em>κατόχιον</em></strong></span> <span class='ocrx_word' id='word_1_29' title='bbox 1010 682 1164 766; x_wconf 78' lang='grc' dir='ltr'><strong><em>ἐποίησεν</em></strong></span> 
     </span>
     <span class='ocr_line' id='line_1_5' title="bbox 147 772 1164 899; baseline 0.004 -57"><span class='ocrx_word' id='word_1_30' title='bbox 147 780 346 864; x_wconf 82' lang='grc' dir='ltr'><strong><em>παραχρῆμα</em></strong></span> <span class='ocrx_word' id='word_1_31' title='bbox 368 775 500 845; x_wconf 81' lang='grc' dir='ltr'><strong><em>ἄλαλον.</em></strong></span> <span class='ocrx_word' id='word_1_32' title='bbox 531 781 585 845; x_wconf 86' lang='grc' dir='ltr'><strong><em>καὶ</em></strong></span> <span class='ocrx_word' id='word_1_33' title='bbox 601 779 747 899; x_wconf 70' lang='grc' dir='ltr'><strong><em>ἐδίδαξεν</em></strong></span> <span class='ocrx_word' id='word_1_34' title='bbox 762 776 891 856; x_wconf 87' lang='grc' dir='ltr'><strong><em>πάντας</em></strong></span> <span class='ocrx_word' id='word_1_35' title='bbox 905 776 963 862; x_wconf 86' lang='grc' dir='ltr'><strong><em>τὴν</em></strong></span> <span class='ocrx_word' id='word_1_36' title='bbox 980 772 1164 862; x_wconf 84' lang='grc' dir='ltr'><strong><em>δρθόδοξον</em></strong></span> 
     </span>
     <span class='ocr_line' id='line_1_6' title="bbox 122 874 1165 965; baseline 0.004 -26"><span class='ocrx_word' id='word_1_37' title='bbox 122 881 278 954; x_wconf 77' lang='grc' dir='ltr'><strong><em>οπίστιν,</em></strong></span> <span class='ocrx_word' id='word_1_38' title='bbox 307 877 362 943; x_wconf 81' lang='grc' dir='ltr'><strong><em>καί</em></strong></span> <span class='ocrx_word' id='word_1_39' title='bbox 389 874 447 962; x_wconf 78' lang='grc' dir='ltr'><strong><em>τὴν</em></strong></span> <span class='ocrx_word' id='word_1_40' title='bbox 475 876 675 965; x_wconf 78' lang='grc' dir='ltr'><strong><em>ἐσομένην’</em></strong></span> <span class='ocrx_word' id='word_1_41' title='bbox 661 874 797 962; x_wconf 87' lang='grc' dir='ltr'><strong><em>εσχάτην</em></strong></span> <span class='ocrx_word' id='word_1_42' title='bbox 825 874 882 942; x_wconf 83' lang='grc' dir='ltr'><strong><em>καὶ</em></strong></span> <span class='ocrx_word' id='word_1_43' title='bbox 906 875 1016 963; x_wconf 76' lang='grc' dir='ltr'><strong><em>κοινὴν</em></strong></span> <span class='ocrx_word' id='word_1_44' title='bbox 1039 876 1165 954; x_wconf 88' lang='grc' dir='ltr'><strong><em>παντὸς</em></strong></span> 
     </span>
     <span class='ocr_line' id='line_1_7' title="bbox 147 967 795 1093; baseline -0.002 -54"><span class='ocrx_word' id='word_1_45' title='bbox 147 968 331 1058; x_wconf 81' lang='grc' dir='ltr'><strong><em>ἀνθρώπου</em></strong></span> <span class='ocrx_word' id='word_1_46' title='bbox 354 967 623 1093; x_wconf 71' lang='grc' dir='ltr'><strong><em>ἀληθεστάτην</em></strong></span> <span class='ocrx_word' id='word_1_47' title='bbox 605 972 795 1042; x_wconf 77' lang='grc' dir='ltr'><strong><em>ἀνάστασιν.</em></strong></span> 
     </span>
    </p>

    <p class='ocr_par' dir='ltr' id='par_1_3' title="bbox 146 1041 1164 1355">
     <span class='ocr_line' id='line_1_8' title="bbox 231 1041 1164 1155; baseline 0 -18"><span class='ocrx_word' id='word_1_48' title='bbox 231 1076 366 1138; x_wconf 80' lang='lat'>28—30</span> <span class='ocrx_word' id='word_1_49' title='bbox 393 1067 518 1140; x_wconf 77' lang='grc' dir='ltr'><strong><em>Ἐλθὼν</em></strong></span> <span class='ocrx_word' id='word_1_50' title='bbox 541 1075 598 1138; x_wconf 90' lang='lat'><strong><em>666</em></strong></span> <span class='ocrx_word' id='word_1_51' title='bbox 621 1072 668 1149; x_wconf 82' lang='grc' dir='ltr'><strong><em>εἰς</em></strong></span> <span class='ocrx_word' id='word_1_52' title='bbox 688 1097 731 1137; x_wconf 90' lang='grc' dir='ltr'><strong><em>τα</em></strong></span> <span class='ocrx_word' id='word_1_53' title='bbox 717 1070 911 1137; x_wconf 87' lang='grc' dir='ltr'><strong><em>Βουκόλια</em></strong></span> <span class='ocrx_word' id='word_1_54' title='bbox 929 1073 983 1137; x_wconf 88' lang='grc' dir='ltr'><strong><em>καλ</em></strong></span> <span class='ocrx_word' id='word_1_55' title='bbox 1000 1041 1164 1155; x_wconf 79' lang='grc' dir='ltr'><strong><em>συντυχὼν</em></strong></span> 
     </span>
     <span class='ocr_line' id='line_1_9' title="bbox 146 1162 1164 1284; baseline 0.001 -52"><span class='ocrx_word' id='word_1_56' title='bbox 146 1162 251 1233; x_wconf 81' lang='grc' dir='ltr'><strong><em>Είδαί</em></strong></span> <span class='ocrx_word' id='word_1_57' title='bbox 238 1173 327 1251; x_wconf 88' lang='grc' dir='ltr'><strong><em>ίμονι</em></strong></span> <span class='ocrx_word' id='word_1_58' title='bbox 354 1172 402 1253; x_wconf 77' lang='grc' dir='ltr'><strong><em>τιό</em></strong></span> <span class='ocrx_word' id='word_1_59' title='bbox 433 1169 650 1257; x_wconf 79' lang='grc' dir='ltr'><strong><em>φιλοσόφῳ’</em></strong></span> <span class='ocrx_word' id='word_1_60' title='bbox 640 1168 747 1284; x_wconf 73' lang='grc' dir='ltr'><strong><em>ἔχοντι</em></strong></span> <span class='ocrx_word' id='word_1_61' title='bbox 778 1170 887 1234; x_wconf 89' lang='grc' dir='ltr'><strong><em>παῖδα</em></strong></span> <span class='ocrx_word' id='word_1_62' title='bbox 917 1168 1164 1256; x_wconf 73' lang='grc' dir='ltr'><strong><em>μονόφθαλμον</em></strong></span> 
     </span>
     <span class='ocr_line' id='line_1_10' title="bbox 146 1261 1163 1386; baseline 0.003 -57"><span class='ocrx_word' id='word_1_63' title='bbox 146 1262 270 1350; x_wconf 66' lang='grc' dir='ltr'><strong><em>λέγειε</em></strong></span> <span class='ocrx_word' id='word_1_64' title='bbox 254 1291 272 1330; x_wconf 95' lang='grc' dir='ltr'><strong><em>ο</em></strong></span> <span class='ocrx_word' id='word_1_65' title='bbox 286 1271 388 1351; x_wconf 81' lang='grc' dir='ltr'><strong><em>μέγας</em></strong></span> <span class='ocrx_word' id='word_1_66' title='bbox 399 1261 593 1366; x_wconf 75' lang='grc' dir='ltr'><strong><em>Ἐπιφάνιος</em></strong></span> <span class='ocrx_word' id='word_1_67' title='bbox 608 1265 694 1351; x_wconf 89' lang='grc' dir='ltr'><strong><em>πρὸς</em></strong></span> <span class='ocrx_word' id='word_1_68' title='bbox 708 1265 765 1331; x_wconf 89' lang='grc' dir='ltr'><strong><em>τὸν</em></strong></span> <span class='ocrx_word' id='word_1_69' title='bbox 782 1266 1006 1386; x_wconf 76' lang='grc' dir='ltr'><strong><em>ηιλόσοφον“</em></strong></span> <span class='ocrx_word' id='word_1_70' title='bbox 1008 1292 1038 1333; x_wconf 89' lang='grc' dir='ltr'><strong><em>ει</em></strong></span> <span class='ocrx_word' id='word_1_71' title='bbox 1029 1261 1163 1353; x_wconf 78' lang='grc' dir='ltr'><strong><em>ἀληθῆ</em></strong></span> 
     </span>
    </p>

    <p class='ocr_par' dir='ltr' id='par_1_4' title="bbox 109 1360 1164 1646">
     <span class='ocr_line' id='line_1_11' title="bbox 109 1360 1164 1480; baseline 0.002 -54"><span class='ocrx_word' id='word_1_72' title='bbox 109 1361 277 1429; x_wconf 68' lang='lat' dir='ltr'><strong><em>{6666u</em></strong></span> <span class='ocrx_word' id='word_1_73' title='bbox 258 1390 280 1428; x_wconf 90' lang='grc' dir='ltr'><strong><em>α</em></strong></span> <span class='ocrx_word' id='word_1_74' title='bbox 308 1363 538 1443; x_wconf 78' lang='grc' dir='ltr'><strong><em>διδάσκεις,</em></strong></span> <span class='ocrx_word' id='word_1_75' title='bbox 513 1391 539 1429; x_wconf 88' lang='grc' dir='ltr'><strong><em>ιο</em></strong></span> <span class='ocrx_word' id='word_1_76' title='bbox 568 1363 796 1451; x_wconf 82' lang='grc' dir='ltr'><strong><em>φιλόσοφε,”</em></strong></span> <span class='ocrx_word' id='word_1_77' title='bbox 780 1388 876 1431; x_wconf 90' lang='grc' dir='ltr'><strong><em>ιασαι</em></strong></span> <span class='ocrx_word' id='word_1_78' title='bbox 896 1362 954 1429; x_wconf 90' lang='grc' dir='ltr'><strong><em>τὸν</em></strong></span> <span class='ocrx_word' id='word_1_79' title='bbox 984 1360 1164 1480; x_wconf 77' lang='grc' dir='ltr'><strong><em>όιρθαλμὸν</em></strong></span> 
     </span>
     <span class='ocr_line' id='line_1_12' title="bbox 145 1457 1162 1580; baseline 0.002 -54"><span class='ocrx_word' id='word_1_80' title='bbox 145 1463 204 1527; x_wconf 84' lang='grc' dir='ltr'><strong><em>τού</em></strong></span> <span class='ocrx_word' id='word_1_81' title='bbox 226 1461 350 1540; x_wconf 87' lang='grc' dir='ltr'><strong><em>παιδός</em></strong></span> <span class='ocrx_word' id='word_1_82' title='bbox 372 1465 459 1529; x_wconf 90' lang='grc' dir='ltr'><strong><em>σοο”.</em></strong></span> <span class='ocrx_word' id='word_1_83' title='bbox 491 1457 509 1528; x_wconf 89' lang='lat'>6</span> <span class='ocrx_word' id='word_1_84' title='bbox 533 1462 568 1528; x_wconf 77' lang='grc' dir='ltr'><strong><em>δὲ·</em></strong></span> <span class='ocrx_word' id='word_1_85' title='bbox 591 1460 817 1549; x_wconf 80' lang='grc' dir='ltr'><strong><em>φιλόσοφος’</em></strong></span> <span class='ocrx_word' id='word_1_86' title='bbox 802 1487 835 1528; x_wconf 91' lang='grc' dir='ltr'><strong><em>εν</em></strong></span> <span class='ocrx_word' id='word_1_87' title='bbox 857 1461 1026 1549; x_wconf 77' lang='grc' dir='ltr'><strong><em>γελοίῳ</em></strong></span> <span class='ocrx_word' id='word_1_88' title='bbox 993 1485 1062 1528; x_wconf 92' lang='grc' dir='ltr'><strong><em>τον·</em></strong></span> <span class='ocrx_word' id='word_1_89' title='bbox 1066 1462 1162 1580; x_wconf 78' lang='grc' dir='ltr'><strong><em>λόγοη</em></strong></span> 
     </span>
     <span class='ocr_line' id='line_1_13' title="bbox 146 1555 1162 1646; baseline -0.002 -20"><span class='ocrx_word' id='word_1_90' title='bbox 146 1558 320 1644; x_wconf 85' lang='grc' dir='ltr'><strong><em>δεξάμενος</em></strong></span> <span class='ocrx_word' id='word_1_91' title='bbox 345 1557 596 1643; x_wconf 83' lang='grc' dir='ltr'><strong><em>κατειρωνεύετο</em></strong></span> <span class='ocrx_word' id='word_1_92' title='bbox 626 1562 685 1625; x_wconf 90' lang='grc' dir='ltr'><strong><em>τού</em></strong></span> <span class='ocrx_word' id='word_1_93' title='bbox 715 1555 818 1646; x_wconf 86' lang='grc' dir='ltr'><strong><em>ἁγίου.</em></strong></span> <span class='ocrx_word' id='word_1_94' title='bbox 864 1565 1051 1646; x_wconf 80' lang='grc' dir='ltr'><strong><em>σφραγίσας</em></strong></span> <span class='ocrx_word' id='word_1_95' title='bbox 1079 1556 1162 1625; x_wconf 86' lang='lat'><strong><em>66‘</em></strong></span> <span class='ocrx_word' id='word_1_96' title='bbox 1145 1585 1162 1624; x_wconf 93' lang='lat'><strong><em>6</em></strong></span> 
     </span>
    </p>

    <p class='ocr_par' dir='ltr' id='par_1_5' title="bbox 144 1652 1165 1776">
     <span class='ocr_line' id='line_1_14' title="bbox 144 1652 1165 1776; baseline -0.001 -52.958"><span class='ocrx_word' id='word_1_97' title='bbox 144 1663 245 1741; x_wconf 81' lang='grc' dir='ltr'><strong><em>μέγας</em></strong></span> <span class='ocrx_word' id='word_1_98' title='bbox 257 1652 486 1744; x_wconf 79' lang='grc' dir='ltr'><strong><em>Ἑπιφάνιος</em></strong></span> <span class='ocrx_word' id='word_1_99' title='bbox 473 1681 507 1723; x_wconf 84' lang='grc' dir='ltr'><strong><em>εκ</em></strong></span> <span class='ocrx_word' id='word_1_100' title='bbox 528 1663 640 1742; x_wconf 88' lang='grc' dir='ltr'><strong><em>τρίτου</em></strong></span> <span class='ocrx_word' id='word_1_101' title='bbox 662 1657 721 1725; x_wconf 91' lang='grc' dir='ltr'><strong><em>τὸν</em></strong></span> <span class='ocrx_word' id='word_1_102' title='bbox 743 1664 950 1776; x_wconf 83' lang='grc' dir='ltr'><strong><em>πηρωθέντα</em></strong></span> <span class='ocrx_word' id='word_1_103' title='bbox 966 1682 1025 1723; x_wconf 90' lang='grc' dir='ltr'><strong><em>του</em></strong></span> <span class='ocrx_word' id='word_1_104' title='bbox 1010 1656 1165 1735; x_wconf 85' lang='grc' dir='ltr'><strong><em>παιδὸς</em></strong></span> 
     </span>
    </p>

    <p class='ocr_par' dir='ltr' id='par_1_6' title="bbox 145 1749 1164 1874">
     <span class='ocr_line' id='line_1_15' title="bbox 145 1749 1164 1874; baseline 0.001 -55"><span class='ocrx_word' id='word_1_105' title='bbox 145 1749 325 1840; x_wconf 77' lang='grc' dir='ltr'><strong><em>ὀφθαλμὸν</em></strong></span> <span class='ocrx_word' id='word_1_106' title='bbox 348 1757 548 1872; x_wconf 81' lang='grc' dir='ltr'><strong><em>παραχρῆμα</em></strong></span> <span class='ocrx_word' id='word_1_107' title='bbox 569 1755 725 1841; x_wconf 75' lang='grc' dir='ltr'><strong><em>ἐποίησεν</em></strong></span> <span class='ocrx_word' id='word_1_108' title='bbox 743 1751 843 1822; x_wconf 86' lang='grc' dir='ltr'><strong><em>αύτὸν</em></strong></span> <span class='ocrx_word' id='word_1_109' title='bbox 858 1749 950 1821; x_wconf 71' lang='grc' dir='ltr'><strong><em>διΗ</em></strong></span> <span class='ocrx_word' id='word_1_110' title='bbox 918 1759 1010 1874; x_wconf 81' lang='grc' dir='ltr'><strong><em>εοχῆς</em></strong></span> <span class='ocrx_word' id='word_1_111' title='bbox 1025 1750 1164 1839; x_wconf 73' lang='grc' dir='ltr'><strong><em>ἀναβλέ-</em></strong></span> 
     </span>
    </p>

    <p class='ocr_par' dir='ltr' id='par_1_7' title="bbox 109 1840 1163 2034">
     <span class='ocr_line' id='line_1_16' title="bbox 109 1840 1163 1938; baseline 0.008 -26"><span class='ocrx_word' id='word_1_112' title='bbox 109 1853 348 1934; x_wconf 78' lang='grc' dir='ltr'><strong><em>15ψαι.τούτο</em></strong></span> <span class='ocrx_word' id='word_1_113' title='bbox 370 1840 488 1917; x_wconf 76' lang='grc' dir='ltr'><strong><em>οὖντὸ</em></strong></span> <span class='ocrx_word' id='word_1_114' title='bbox 510 1852 702 1938; x_wconf 82' lang='grc' dir='ltr'><strong><em>παράδοξον</em></strong></span> <span class='ocrx_word' id='word_1_115' title='bbox 723 1857 841 1937; x_wconf 83' lang='grc' dir='ltr'><strong><em>θαῦμα</em></strong></span> <span class='ocrx_word' id='word_1_116' title='bbox 857 1849 971 1920; x_wconf 82' lang='grc' dir='ltr'><strong><em>ίδάνὸ</em></strong></span> <span class='ocrx_word' id='word_1_117' title='bbox 986 1847 1163 1938; x_wconf 77' lang='grc' dir='ltr'><strong><em>Εὐδαίμων</em></strong></span> 
     </span>
     <span class='ocr_line' id='line_1_17' title="bbox 145 1947 1054 2034; baseline 0 -19"><span class='ocrx_word' id='word_1_118' title='bbox 145 1947 282 2034; x_wconf 76' lang='grc' dir='ltr'><strong><em>ἐγένετο</em></strong></span> <span class='ocrx_word' id='word_1_119' title='bbox 292 1947 496 2031; x_wconf 88' lang='grc' dir='ltr'><strong><em>Χριστιανὸς</em></strong></span> <span class='ocrx_word' id='word_1_120' title='bbox 517 1949 612 2016; x_wconf 83' lang='grc' dir='ltr'><strong><em>κυλ”</em></strong></span> <span class='ocrx_word' id='word_1_121' title='bbox 594 1974 704 2018; x_wconf 83' lang='grc' dir='ltr'><strong><em>εκτοτε</em></strong></span> <span class='ocrx_word' id='word_1_122' title='bbox 727 1950 824 2031; x_wconf 81' lang='grc' dir='ltr'><strong><em>ἒδόξα</em></strong></span> <span class='ocrx_word' id='word_1_123' title='bbox 826 1951 914 2032; x_wconf 86' lang='grc' dir='ltr'><strong><em>ζε</em></strong></span> <span class='ocrx_word' id='word_1_124' title='bbox 882 1974 939 2016; x_wconf 88' lang='grc' dir='ltr'><strong><em>τον</em></strong></span> <span class='ocrx_word' id='word_1_125' title='bbox 961 1949 1054 2018; x_wconf 85' lang='grc' dir='ltr'><strong><em>θεόν.</em></strong></span> 
     </span>
    </p>

    <p class='ocr_par' dir='ltr' id='par_1_8' title="bbox 228 2041 1163 2134">
     <span class='ocr_line' id='line_1_18' title="bbox 228 2041 1163 2134; baseline -0.001 -20"><span class='ocrx_word' id='word_1_126' title='bbox 228 2051 279 2114; x_wconf 78' lang='lat'><strong><em>31.</em></strong></span> <span class='ocrx_word' id='word_1_127' title='bbox 322 2046 439 2130; x_wconf 80' lang='grc' dir='ltr'><strong><em>Λιμοῦ</em></strong></span> <span class='ocrx_word' id='word_1_128' title='bbox 467 2051 520 2117; x_wconf 79' lang='grc' dir='ltr'><strong><em>καί</em></strong></span> <span class='ocrx_word' id='word_1_129' title='bbox 552 2041 708 2133; x_wconf 85' lang='grc' dir='ltr'><strong><em>ἀβροχίας</em></strong></span> <span class='ocrx_word' id='word_1_130' title='bbox 735 2049 819 2114; x_wconf 78' lang='grc' dir='ltr'><strong><em>ποτὲ</em></strong></span> <span class='ocrx_word' id='word_1_131' title='bbox 852 2053 1025 2134; x_wconf 83' lang='grc' dir='ltr'><strong><em>γενομένης</em></strong></span> <span class='ocrx_word' id='word_1_132' title='bbox 1053 2047 1163 2114; x_wconf 76' lang='grc' dir='ltr'><strong><em>ἐλθών</em></strong></span> 
     </span>
    </p>
   </div>
   <div class='ocr_carea' id='block_1_3' title="bbox 106 2136 1164 2752">
    <p class='ocr_par' dir='ltr' id='par_1_9' title="bbox 106 2136 1164 2720">
     <span class='ocr_line' id='line_1_19' title="bbox 145 2136 1164 2232; baseline 0.002 -25"><span class='ocrx_word' id='word_1_133' title='bbox 145 2136 163 2207; x_wconf 90' lang='lat'><strong><em>6</em></strong></span> <span class='ocrx_word' id='word_1_134' title='bbox 191 2141 270 2222; x_wconf 88' lang='grc' dir='ltr'><strong><em>λαὸς</em></strong></span> <span class='ocrx_word' id='word_1_135' title='bbox 297 2145 351 2210; x_wconf 88' lang='grc' dir='ltr'><strong><em>καὶ</em></strong></span> <span class='ocrx_word' id='word_1_136' title='bbox 383 2146 478 2211; x_wconf 88' lang='grc' dir='ltr'><strong><em>πᾶσα</em></strong></span> <span class='ocrx_word' id='word_1_137' title='bbox 504 2139 615 2232; x_wconf 80' lang='grc' dir='ltr'><strong><em>ἡλικία</em></strong></span> <span class='ocrx_word' id='word_1_138' title='bbox 642 2148 759 2212; x_wconf 84' lang='grc' dir='ltr'><strong><em>τούτου</em></strong></span> <span class='ocrx_word' id='word_1_139' title='bbox 794 2143 1023 2225; x_wconf 80' lang='grc' dir='ltr'><strong><em>ἐξεδυσώπουν</em></strong></span> <span class='ocrx_word' id='word_1_140' title='bbox 1054 2144 1164 2222; x_wconf 80' lang='grc' dir='ltr'><strong><em>ἐλέους</em></strong></span> 
     </span>
     <span class='ocr_line' id='line_1_20' title="bbox 143 2235 1163 2329; baseline 0.001 -23"><span class='ocrx_word' id='word_1_141' title='bbox 143 2250 251 2322; x_wconf 78' lang='grc' dir='ltr'><strong><em>τυχεῖν</em></strong></span> <span class='ocrx_word' id='word_1_142' title='bbox 274 2236 314 2308; x_wconf 79' lang='grc' dir='ltr'><strong><em>δι’</em></strong></span> <span class='ocrx_word' id='word_1_143' title='bbox 339 2235 434 2329; x_wconf 79' lang='grc' dir='ltr'><strong><em>εὐχῆς</em></strong></span> <span class='ocrx_word' id='word_1_144' title='bbox 456 2237 566 2309; x_wconf 83' lang='grc' dir='ltr'><strong><em>αύτού.</em></strong></span> <span class='ocrx_word' id='word_1_145' title='bbox 604 2243 789 2328; x_wconf 75' lang='grc' dir='ltr'><strong><em>ἐπιτρέψας</em></strong></span> <span class='ocrx_word' id='word_1_146' title='bbox 811 2243 847 2310; x_wconf 83' lang='grc' dir='ltr'><strong><em>δὲ</em></strong></span> <span class='ocrx_word' id='word_1_147' title='bbox 869 2241 926 2308; x_wconf 87' lang='grc' dir='ltr'><strong><em>τόν</em></strong></span> <span class='ocrx_word' id='word_1_148' title='bbox 949 2241 1028 2309; x_wconf 87' lang='grc' dir='ltr'><strong><em>λαὸν</em></strong></span> <span class='ocrx_word' id='word_1_149' title='bbox 1052 2243 1163 2310; x_wconf 81' lang='grc' dir='ltr'><strong><em>ἑστια-</em></strong></span> 
     </span>
     <span class='ocr_line' id='line_1_21' title="bbox 106 2333 1164 2426; baseline 0.008 -27"><span class='ocrx_word' id='word_1_150' title='bbox 106 2341 248 2423; x_wconf 72' lang='grc' dir='ltr'><strong><em>ιοθῆναι</em></strong></span> <span class='ocrx_word' id='word_1_151' title='bbox 276 2333 375 2418; x_wconf 74' lang='grc' dir='ltr'><strong><em>αὐτὸς</em></strong></span> <span class='ocrx_word' id='word_1_152' title='bbox 403 2339 557 2426; x_wconf 81' lang='grc' dir='ltr'><strong><em>εἰσῆλθεν</em></strong></span> <span class='ocrx_word' id='word_1_153' title='bbox 585 2341 632 2419; x_wconf 87' lang='grc' dir='ltr'><strong><em>είς</em></strong></span> <span class='ocrx_word' id='word_1_154' title='bbox 659 2340 698 2406; x_wconf 88' lang='grc' dir='ltr'><strong><em>τὸ</em></strong></span> <span class='ocrx_word' id='word_1_155' title='bbox 726 2342 844 2408; x_wconf 78' lang='grc' dir='ltr'><strong><em>ἑαυτοῦ</em></strong></span> <span class='ocrx_word' id='word_1_156' title='bbox 872 2342 999 2407; x_wconf 89' lang='grc' dir='ltr'><strong><em>κελλίον</em></strong></span> <span class='ocrx_word' id='word_1_157' title='bbox 1026 2341 1164 2419; x_wconf 79' lang='grc' dir='ltr'><strong><em>καὶτὰς</em></strong></span> 
     </span>
     <span class='ocr_line' id='line_1_22' title="bbox 141 2435 1164 2556; baseline 0.002 -54"><span class='ocrx_word' id='word_1_158' title='bbox 141 2446 254 2551; x_wconf 83' lang='grc' dir='ltr'><strong><em>χεῖρας</em></strong></span> <span class='ocrx_word' id='word_1_159' title='bbox 282 2436 426 2515; x_wconf 82' lang='grc' dir='ltr'><strong><em>ἐκτείνας</em></strong></span> <span class='ocrx_word' id='word_1_160' title='bbox 456 2437 557 2516; x_wconf 85' lang='grc' dir='ltr'><strong><em>είς</em></strong></span> <span class='ocrx_word' id='word_1_161' title='bbox 523 2462 582 2506; x_wconf 87' lang='grc' dir='ltr'><strong><em>τον</em></strong></span> <span class='ocrx_word' id='word_1_162' title='bbox 604 2435 744 2524; x_wconf 83' lang='grc' dir='ltr'><strong><em>οὐρανὸν</em></strong></span> <span class='ocrx_word' id='word_1_163' title='bbox 767 2438 978 2556; x_wconf 78' lang='grc' dir='ltr'><strong><em>προσηύξατο</em></strong></span> <span class='ocrx_word' id='word_1_164' title='bbox 999 2437 1083 2523; x_wconf 82' lang='grc' dir='ltr'><strong><em>μετὰ</em></strong></span> <span class='ocrx_word' id='word_1_165' title='bbox 1105 2441 1164 2504; x_wconf 89' lang='grc' dir='ltr'><strong><em>δα-</em></strong></span> 
     </span>
     <span class='ocr_line' id='line_1_23' title="bbox 143 2531 1160 2650; baseline 0.004 -53"><span class='ocrx_word' id='word_1_166' title='bbox 143 2532 248 2650; x_wconf 86' lang='grc' dir='ltr'><strong><em>κρύων</em></strong></span> <span class='ocrx_word' id='word_1_167' title='bbox 277 2533 334 2599; x_wconf 72' lang='grc' dir='ltr'><strong><em>ἐπὶ</em></strong></span> <span class='ocrx_word' id='word_1_168' title='bbox 363 2534 557 2602; x_wconf 82' lang='grc' dir='ltr'><strong><em>πολύκαὶ</em></strong></span> <span class='ocrx_word' id='word_1_169' title='bbox 581 2533 738 2623; x_wconf 54' lang='grc' dir='ltr'><strong><em>κατέβη(</em></strong></span> <span class='ocrx_word' id='word_1_170' title='bbox 720 2536 814 2616; x_wconf 88' lang='grc' dir='ltr'><strong><em>υετὸς</em></strong></span> <span class='ocrx_word' id='word_1_171' title='bbox 836 2531 944 2603; x_wconf 78' lang='grc' dir='ltr'><strong><em>αὐτῶν</em></strong></span> <span class='ocrx_word' id='word_1_172' title='bbox 967 2536 1160 2614; x_wconf 79' lang='grc' dir='ltr'><strong><em>ἐσθιόντων,</em></strong></span> 
     </span>
     <span class='ocr_line' id='line_1_24' title="bbox 144 2622 1162 2752; baseline 0.003 -57"><span class='ocrx_word' id='word_1_173' title='bbox 144 2626 232 2696; x_wconf 80' lang='grc' dir='ltr'><strong><em>ὥστε</em></strong></span> <span class='ocrx_word' id='word_1_174' title='bbox 254 2629 311 2696; x_wconf 76' lang='grc' dir='ltr'><strong><em>ἐπὶ</em></strong></span> <span class='ocrx_word' id='word_1_175' title='bbox 333 2642 422 2716; x_wconf 83' lang='grc' dir='ltr'><strong><em>τρεῖς</em></strong></span> <span class='ocrx_word' id='word_1_176' title='bbox 443 2629 566 2752; x_wconf 82' lang='grc' dir='ltr'><strong><em>ἡμέρας</em></strong></span> <span class='ocrx_word' id='word_1_177' title='bbox 580 2629 789 2715; x_wconf 85' lang='grc' dir='ltr'><strong><em>ἀδιαστάτως</em></strong></span> <span class='ocrx_word' id='word_1_178' title='bbox 803 2640 939 2720; x_wconf 79' lang='grc' dir='ltr'><strong><em>βρέχειν,</em></strong></span> <span class='ocrx_word' id='word_1_179' title='bbox 964 2635 1026 2711; x_wconf 75' lang='grc' dir='ltr'><strong><em>ἕως</em></strong></span> <span class='ocrx_word' id='word_1_180' title='bbox 1041 2622 1080 2698; x_wconf 88' lang='lat'><strong><em>66</em></strong></span> <span class='ocrx_word' id='word_1_181' title='bbox 1096 2633 1162 2698; x_wconf 89' lang='grc' dir='ltr'><strong><em>πά-</em></strong></span> 
     </span>
    </p>
   </div>
   <div class='ocr_carea' id='block_1_4' title="bbox 103 2725 1162 3416">
    <p class='ocr_par' dir='ltr' id='par_1_10' title="bbox 105 2725 1162 2894">
     <span class='ocr_line' id='line_1_25' title="bbox 144 2725 1162 2821; baseline 0.004 -29"><span class='ocrx_word' id='word_1_182' title='bbox 144 2727 195 2794; x_wconf 89' lang='grc' dir='ltr'><strong><em>λιν</em></strong></span> <span class='ocrx_word' id='word_1_183' title='bbox 217 2728 483 2816; x_wconf 56' lang='grc' dir='ltr'><strong><em>παρακληθεὶςἰ</em></strong></span> <span class='ocrx_word' id='word_1_184' title='bbox 467 2755 485 2796; x_wconf 93' lang='grc' dir='ltr'><strong><em>ο</em></strong></span> <span class='ocrx_word' id='word_1_185' title='bbox 507 2727 601 2818; x_wconf 86' lang='grc' dir='ltr'><strong><em>όίγιος</em></strong></span> <span class='ocrx_word' id='word_1_186' title='bbox 618 2727 814 2821; x_wconf 78' lang='grc' dir='ltr'><strong><em>Ἐπιφάνιος</em></strong></span> <span class='ocrx_word' id='word_1_187' title='bbox 836 2727 877 2797; x_wconf 88' lang='grc' dir='ltr'><strong><em>δι</em></strong></span> <span class='ocrx_word' id='word_1_188' title='bbox 902 2726 995 2816; x_wconf 84' lang='grc' dir='ltr'><strong><em>εύχης</em></strong></span> <span class='ocrx_word' id='word_1_189' title='bbox 1016 2725 1162 2797; x_wconf 85' lang='grc' dir='ltr'><strong><em>ἀνέστει-</em></strong></span> 
     </span>
     <span class='ocr_line' id='line_1_26' title="bbox 105 2820 834 2894; baseline 0.007 -5"><span class='ocrx_word' id='word_1_190' title='bbox 105 2827 198 2892; x_wconf 72' lang='lat'><strong><em>666</em></strong></span> <span class='ocrx_word' id='word_1_191' title='bbox 220 2824 277 2892; x_wconf 85' lang='grc' dir='ltr'><strong><em>τόν</em></strong></span> <span class='ocrx_word' id='word_1_192' title='bbox 299 2820 403 2894; x_wconf 86' lang='grc' dir='ltr'><strong><em>ύετόν.</em></strong></span> <span class='ocrx_word' id='word_1_193' title='bbox 832 2880 834 2885; x_wconf 49' lang='grc'><strong><em>,</em></strong></span> 
     </span>
    </p>

    <p class='ocr_par' dir='ltr' id='par_1_11' title="bbox 143 2924 1162 3303">
     <span class='ocr_line' id='line_1_27' title="bbox 229 2924 1162 3009; baseline 0.002 -20"><span class='ocrx_word' id='word_1_194' title='bbox 229 2929 364 2992; x_wconf 78' lang='lat'>32-35.</span> <span class='ocrx_word' id='word_1_195' title='bbox 409 2925 579 3009; x_wconf 80' lang='grc' dir='ltr'><strong><em>Πολύβιον</em></strong></span> <span class='ocrx_word' id='word_1_196' title='bbox 606 2925 664 2992; x_wconf 82' lang='grc' dir='ltr'><strong><em>τὸν</em></strong></span> <span class='ocrx_word' id='word_1_197' title='bbox 694 2924 846 2993; x_wconf 85' lang='grc' dir='ltr'><strong><em>διάκονον</em></strong></span> <span class='ocrx_word' id='word_1_198' title='bbox 874 2926 958 2993; x_wconf 80' lang='grc' dir='ltr'><strong><em>ποτὲ</em></strong></span> <span class='ocrx_word' id='word_1_199' title='bbox 979 2924 1162 2992; x_wconf 80' lang='grc' dir='ltr'><strong><em>ἐπίσκοποι</em></strong></span> 
     </span>
     <span class='ocr_line' id='line_1_28' title="bbox 143 3015 1159 3108; baseline 0.003 -22"><span class='ocrx_word' id='word_1_200' title='bbox 143 3015 400 3101; x_wconf 78' lang='grc' dir='ltr'><strong><em>ἀποστείλαντες</em></strong></span> <span class='ocrx_word' id='word_1_201' title='bbox 421 3022 504 3106; x_wconf 86' lang='grc' dir='ltr'><strong><em>μετὰ</em></strong></span> <span class='ocrx_word' id='word_1_202' title='bbox 527 3019 705 3108; x_wconf 81' lang='grc' dir='ltr'><strong><em>ὑποζυγίου</em></strong></span> <span class='ocrx_word' id='word_1_203' title='bbox 721 3026 945 3089; x_wconf 83' lang='grc' dir='ltr'><strong><em>κατοπτεῦσαι</em></strong></span> <span class='ocrx_word' id='word_1_204' title='bbox 960 3026 1026 3088; x_wconf 83' lang='grc' dir='ltr'><strong><em>ποῦ</em></strong></span> <span class='ocrx_word' id='word_1_205' title='bbox 1044 3022 1159 3106; x_wconf 81' lang='grc' dir='ltr'><strong><em>διάγει,</em></strong></span> 
     </span>
     <span class='ocr_line' id='line_1_29' title="bbox 144 3114 1158 3208; baseline 0.005 -25"><span class='ocrx_word' id='word_1_206' title='bbox 144 3118 223 3184; x_wconf 82' lang='lat'>6666</span> <span class='ocrx_word' id='word_1_207' title='bbox 246 3114 345 3185; x_wconf 77' lang='grc' dir='ltr'><strong><em>αὐτὸν</em></strong></span> <span class='ocrx_word' id='word_1_208' title='bbox 369 3115 386 3184; x_wconf 86' lang='lat'><strong><em>6</em></strong></span> <span class='ocrx_word' id='word_1_209' title='bbox 409 3125 509 3205; x_wconf 87' lang='grc' dir='ltr'><strong><em>μέγας</em></strong></span> <span class='ocrx_word' id='word_1_210' title='bbox 527 3115 723 3206; x_wconf 80' lang='grc' dir='ltr'><strong><em>Ἐπιφάνιος</em></strong></span> <span class='ocrx_word' id='word_1_211' title='bbox 745 3120 807 3208; x_wconf 67' lang='grc' dir='ltr'><strong><em>ἔφη</em></strong></span> <span class='ocrx_word' id='word_1_212' title='bbox 835 3116 979 3208; x_wconf 78' lang='grc' dir='ltr'><strong><em>“ἀόελφὲ</em></strong></span> <span class='ocrx_word' id='word_1_213' title='bbox 1000 3119 1158 3204; x_wconf 76' lang='grc' dir='ltr'><strong><em>Πολύβιε,</em></strong></span> 
     </span>
     <span class='ocr_line' id='line_1_30' title="bbox 143 3210 1159 3303; baseline 0.003 -22"><span class='ocrx_word' id='word_1_214' title='bbox 143 3210 312 3282; x_wconf 79' lang='grc' dir='ltr'><strong><em>ἀπόλυσον</em></strong></span> <span class='ocrx_word' id='word_1_215' title='bbox 340 3215 378 3281; x_wconf 88' lang='grc' dir='ltr'><strong><em>τό</em></strong></span> <span class='ocrx_word' id='word_1_216' title='bbox 406 3213 583 3302; x_wconf 79' lang='grc' dir='ltr'><strong><em>ὑποζύγιον</em></strong></span> <span class='ocrx_word' id='word_1_217' title='bbox 611 3216 696 3302; x_wconf 88' lang='grc' dir='ltr'><strong><em>πρὸς</em></strong></span> <span class='ocrx_word' id='word_1_218' title='bbox 722 3217 799 3298; x_wconf 86' lang='grc' dir='ltr'><strong><em>τούς</em></strong></span> <span class='ocrx_word' id='word_1_219' title='bbox 826 3212 995 3303; x_wconf 87' lang='grc' dir='ltr'><strong><em>ἀρχιερεῖς.</em></strong></span> <span class='ocrx_word' id='word_1_220' title='bbox 1042 3219 1159 3284; x_wconf 81' lang='grc' dir='ltr'><strong><em>καὶσὺ</em></strong></span> 
     </span>
    </p>

    <p class='ocr_par' dir='ltr' id='par_1_12' title="bbox 103 3310 1161 3416">
     <span class='ocr_line' id='line_1_31' title="bbox 103 3310 1161 3416; baseline 0.002 -38"><span class='ocrx_word' id='word_1_221' title='bbox 103 3319 219 3396; x_wconf 71' lang='grc' dir='ltr'><strong><em>θθμένε</em></strong></span> <span class='ocrx_word' id='word_1_222' title='bbox 241 3313 396 3379; x_wconf 77' lang='grc' dir='ltr'><strong><em>ἐνταῦθα.</em></strong></span> <span class='ocrx_word' id='word_1_223' title='bbox 427 3311 481 3379; x_wconf 83' lang='grc' dir='ltr'><strong><em>καί</em></strong></span> <span class='ocrx_word' id='word_1_224' title='bbox 505 3311 589 3401; x_wconf 83' lang='grc' dir='ltr'><strong><em>ἀφες</em></strong></span> <span class='ocrx_word' id='word_1_225' title='bbox 611 3311 730 3416; x_wconf 79' lang='grc' dir='ltr'><strong><em>αύτούς</em></strong></span> <span class='ocrx_word' id='word_1_226' title='bbox 752 3316 858 3403; x_wconf 83' lang='grc' dir='ltr'><strong><em>ζητεῖν</em></strong></span> <span class='ocrx_word' id='word_1_227' title='bbox 876 3312 953 3394; x_wconf 86' lang='grc' dir='ltr'><strong><em>τούς</em></strong></span> <span class='ocrx_word' id='word_1_228' title='bbox 975 3310 1088 3396; x_wconf 87' lang='grc' dir='ltr'><strong><em>ἀξίους</em></strong></span> <span class='ocrx_word' id='word_1_229' title='bbox 1103 3321 1161 3381; x_wconf 82' lang='grc' dir='ltr'><strong><em>τοῦ</em></strong></span> 
     </span>
    </p>
   </div>
   <div class='ocr_carea' id='block_1_5' title="bbox 142 3520 1159 3686">
    <p class='ocr_par' dir='ltr' id='par_1_13' title="bbox 142 3520 1159 3686">
     <span class='ocr_line' id='line_1_32' title="bbox 228 3520 1159 3609; baseline 0.001 -26"><span class='ocrx_word' id='word_1_230' title='bbox 228 3528 255 3583; x_wconf 88' lang='grc'><strong><em>8.</em></strong></span> <span class='ocrx_word' id='word_1_231' title='bbox 279 3520 429 3601; x_wconf 73' lang='lat'>67666]</span> <span class='ocrx_word' id='word_1_232' title='bbox 420 3522 488 3600; x_wconf 78' lang='grc' dir='ltr'><strong><em>ε’χον</em></strong></span> <span class='ocrx_word' id='word_1_233' title='bbox 511 3528 541 3585; x_wconf 82' lang='grc' dir='ltr'><strong><em>Ιί.</em></strong></span> <span class='ocrx_word' id='word_1_234' title='bbox 677 3533 722 3588; x_wconf 78' lang='grc'><strong><em>12.</em></strong></span> <span class='ocrx_word' id='word_1_235' title='bbox 745 3524 988 3609; x_wconf 82' lang='grc' dir='ltr'><strong><em>κατειρωνεύετο]</em></strong></span> <span class='ocrx_word' id='word_1_236' title='bbox 1018 3548 1159 3606; x_wconf 86' lang='grc' dir='ltr'><strong><em>κατηρω-</em></strong></span> 
     </span>
     <span class='ocr_line' id='line_1_33' title="bbox 142 3598 794 3686; baseline 0.008 -20"><span class='ocrx_word' id='word_1_237' title='bbox 142 3598 297 3666; x_wconf 81' lang='grc' dir='ltr'><strong><em>νεύετοΗ.</em></strong></span> <span class='ocrx_word' id='word_1_238' title='bbox 428 3615 477 3670; x_wconf 78' lang='lat'><strong><em>22.</em></strong></span> <span class='ocrx_word' id='word_1_239' title='bbox 502 3605 615 3686; x_wconf 77' lang='grc' dir='ltr'><strong><em>αὐτῶν]</em></strong></span> <span class='ocrx_word' id='word_1_240' title='bbox 647 3608 741 3674; x_wconf 81' lang='grc' dir='ltr'><strong><em>αὐτὸν</em></strong></span> <span class='ocrx_word' id='word_1_241' title='bbox 763 3615 794 3672; x_wconf 88' lang='grc' dir='ltr'><strong><em>ΙΙ.</em></strong></span> 
     </span>
    </p>
   </div>
   <div class='ocr_carea' id='block_1_6' title="bbox 0 0 1272 4154">
    <p class='ocr_par' dir='ltr' id='par_1_14' title="bbox 0 0 1272 4154">
     <span class='ocr_line' id='line_1_34' title="bbox 0 0 1272 4154; baseline 0 1"><span class='ocrx_word' id='word_1_242' title='bbox 0 0 1272 4154; x_wconf 95' lang='lat' dir='ltr'><strong><em> </em></strong></span> 
     </span>
    </p>
   </div>
  </div>
 </body>
</html>
