2534 4154
165 293 229 364 '226
622 311 736 362 aarum

164 455 203 548 ἧς
224 463 240 527 6
263 462 338 535 λαὸς
359 460 522 541 εῗσέρχεται
546 459 576 542 (ἢ
596 459 708 568 ηλόξι·
731 459 760 522 oi
783 459 817 523 δὲ
838 458 952 533 τόπους
973 460 1051 544 προς
1063 460 1188 541 vnayw

151 569 255 636 ’ρησιν
276 545 463 627 ἀνειμένους·
486 570 514 607 οι
506 545 605 608 ‘66’
593 572 612 607 α
606 545 732 630 t'gpa6a,
755 567 783 608 at
775 544 835 607 (δι’
849 545 1030 624 στενωποὺς,
1053 571 1104 610 και
1096 547 1190 608 dla-

136 707 138 714 g
166 635 225 696 601.
255 633 299 695 sti:
320 637 495 694 Alexandriae
517 630 619 714 la6pa
639 638 702 693 τῶν
722 627 926 711 εὐδιαιιόιαιν,
949 636 975 692 in
999 655 1052 710 qua
1075 639 1190 698 delicata

138 716 143 730 ”
166 725 255 782 omnia
279 731 306 779 et
328 722 359 779 ad
382 723 474 778 luxum
496 722 565 778 sacta
587 721 782 786 vendebantur,
805 722 875 796 apud
898 724 997 778 Athen.
1020 723 1099 781 t..12
1124 725 1191 784 Vide

166 809 275 867 Suidam
299 816 327 863 et
347 805 529 863 Eustathium.
573 807 631 863 Hoc
652 806 814 863 vocabulum
836 806 869 862 ad
892 807 1085 864 Monacborum
1108 803 1191 883 μάν-

167 889 253 973 ripae,
276 893 331 948 sive
351 883 449 965 μονὰς
469 892 583 948 translat
572 900 630 947 tum
652 901 755 948 norunt
744 892 817 948 tvel
841 893 956 964 pueri·

249 995 331 1054 pprvo
332 911 463 1033 aluav‘
432 978 501 1032 υιοῦ
525 968 749 1053 Οὗαλεριανοῦ]
780 976 898 1033 Ealsum.
923 977 1072 1034 Constantii
1096 978 1190 1035 Chlori

166 1079 253 1138 genus
276 1062 454 1119 Trebellius
448 1080 475 1117 ιιι
500 1061 609 1118 Claudio
631 1062 668 1117 ita
691 1061 835 1118 describit:
860 1061 1003 1127 Claudias,
1030 1061 1189 1130 Quintillae

166 1147 324 1220 etCra'spas
344 1147 451 1218 fratres
471 1147 595 1218 sacrarat.
628 1146 722 1218 Crispi
741 1147 804 1220 filia
820 1145 957 1204 Claudia:
981 1164 1016 1203 ea
1038 1165 1073 1203 ea
1087 1156 1116 1203 et
1129 1149 1192 1204 Era·

166 1234 258 1306 tropio
284 1233 460 1288 nobilissimo
486 1233 576 1303 peratis
604 1231 761 1287 Dardanae
788 1233 850 1288 aira
875 1231 1056 1288 Constantios
1080 1233 1193 1290 Caesar

165 1326 207 1374 est
226 1319 345 1389 penitas.
375 1317 469 1389 ltaque
494 1316 608 1372 Claudii
629 1334 679 1390 pro
708 1317 854 1375 Valeriani
877 1317 997 1373 seribere
1018 1317 1104 1373 voluit
1122 1319 1191 1392 Epi·

164 1404 290 1478 phanias.
335 1402 494 1474 Quanquam
518 1403 588 1457 enim
611 1419 666 1457 non
688 1401 773 1474 ipsius
798 1401 915 1467 Claudii,
944 1402 992 1458 sed
1016 1401 1074 1458 eius
1096 1403 1191 1460 fratris

163 1504 250 1562 nepas
273 1488 375 1552 luerit,·
399 1503 414 1541 a
436 1487 573 1559 plerisque
595 1496 702 1551 tameo,
732 1487 779 1558 qui
803 1486 845 1542 vel
868 1487 1026 1543 Constantio
1048 1488 1116 1561 ipsi,
1146 1489 1190 1546 rel

165 1572 360 1637 Constantino,
390 1571 482 1627 eiusve
511 1572 628 1644 posteris
657 1571 852 1637 adulabantur,
882 1573 915 1627 ad
940 1571 1079 1628 Claudium
1109 1574 1189 1648 origo

163 1658 272 1733 generis
294 1657 421 1713 refertur.
451 1655 520 1712 Ecce
544 1656 592 1712 tibi
615 1656 656 1712 vel
678 1656 829 1713 Trebellius
851 1656 910 1729 ipse
931 1656 1013 1730 paula
1033 1666 1097 1713 ante
1114 1657 1189 1715 Con-

164 1743 293 1799 stantium
318 1741 419 1797 Claudii
446 1749 574 1814 nepotem
595 1742 712 1816 appellat
735 1751 761 1798 et
783 1740 926 1813 Aapastae
946 1742 1035 1813 faisse
1056 1743 1191 1814 familiae
1246 1778 1253 1787 ·

163 1825 267 1882 scribit.
312 1825 377 1880 Nam
406 1834 434 1881 et
455 1825 603 1898 Eutropius
632 1827 733 1884 diserte
757 1827 859 1883 Claudii
881 1844 931 1898 per
953 1826 1034 1882 liliam
1056 1839 1188 1901 nepotem

165 1909 351 1966 Constantium
373 1910 445 1974 facit,
471 1918 498 1965 et
519 1910 652 1966 Eusebius
675 1913 702 1967 in
726 1912 869 1975 Chronico,
890 1929 920 1968 ac
943 1921 1082 1985 postremo
1106 1914 1189 1970 lulia-

163 2010 216 2050 uus
238 1986 255 2050 6
276 1985 463 2070 παραβάτης
485 1995 512 2049 in
535 1995 642 2050 duobus
665 1996 764 2070 Paneg.
790 1996 939 2052 Constantii
962 1995 1134 2054 Constantini
1156 1999 1188 2055 F.

46 2146 52 2159 ι
161 2079 196 2135 ad
219 2095 298 2153 quos
312 2078 344 2134 de
369 2078 519 2134 Constantii
541 2097 642 2152 genere
665 2080 869 2153 disputavimus.

215 2175 218 2179 ’
251 2165 310 2222 728
326 2162 353 2219 b.
385 2156 442 2220 σὺν
462 2165 502 2242 τῇ
524 2166 578 2219 νῦν
600 2160 771 2244 κτισθείσῃ]
803 2166 889 2221 Huius
904 2166 1040 2223 Ecclesiae
1063 2168 1188 2224 meminit

162 2249 325 2306 Athanasius
347 2248 425 2322 Apol.
443 2251 468 2305 l.
512 2248 580 2305 Nam
606 2250 677 2305 illius
706 2266 801 2307 caussa
830 2250 990 2307 calumniam
1019 2251 1052 2307 ab
1080 2253 1189 2311 Arianis

162 2341 260 2408 passus
283 2343 334 2399 est,
357 2334 431 2406 quod
453 2333 604 2429 synaxibus
627 2334 681 2390 illic
705 2335 805 2392 habitis
827 2335 960 2438 Epcaenia
982 2339 1187 2410 praevertisset,

161 2419 245 2494 idque
266 2419 475 2492 Imperatoris
468 2419 582 2476 iniussu.
628 2415 729 2520 ἐπειδὴ
760 2415 794 2476 δὲ
815 2439 865 2475 και
887 2416 955 2498 napi
978 2440 1032 2496 της
1052 2415 1188 2498 μεγάλης

162 2498 336 2604 ἐκκλησίας
357 2494 586 2580 κατειρήκασιν,
621 2497 664 2571 ὥς
694 2500 732 2580 dap
759 2497 912 2574 συνάξεαις
940 2501 1004 2561 ἐκεῖ
1024 2503 1187 2610 ηινημὲνης

161 2583 233 2665 πρὶν
261 2579 358 2663 αὐτην
383 2586 593 2664 τελειωθῆναι.
638 2590 736 2647 Postea
770 2591 844 2646 buno
875 2590 991 2649 eundem
1025 2585 1189 2666 ἐπώνυμον

162 2671 312 2728 Constantii
334 2665 429 2728 τόπον
450 2675 576 2746 appellat,
600 2692 698 2748 nempe
721 2675 794 2750 quod
811 2676 940 2731 Caesarea
955 2675 1026 2732 dieta
1041 2676 1092 2733 sit:
1116 2679 1187 2735 alia-

161 2756 208 2828 qui
237 2755 455 2812 Constantianam
483 2756 621 2815 basilicam
649 2762 814 2816 nominatam
843 2760 997 2825 crederem,
1027 2763 1078 2816 nisi
1108 2763 1188 2835 prius

160 2839 227 2896 illud
255 2856 355 2896 nomeu
388 2841 520 2899 indicaret
546 2843 722 2917 Epiphanius.
768 2845 822 2901 Sed
854 2846 924 2901 banc
946 2845 1084 2901 basilicam
1121 2847 1184 2904 olim

154 2915 332 3002 Ἀδρειανὸν
357 2925 518 2999 appellatam
546 2928 630 2986 fuisse
658 2937 789 2995 testatur,
821 2931 891 2986 lorte
913 2931 988 3004 quod
1010 2929 1042 2985 ab
1065 2931 1187 2989 Adriano

161 3019 261 3067 erecta.
294 3010 450 3067 Cuiusmodi
472 3011 613 3112 Templum
636 3014 702 3088 illud
725 3014 775 3071 luit
798 3002 939 3071 Tiberiade
961 3015 995 3070 ab
1018 3016 1116 3072 eodem
1132 3019 1187 3073 lm·

111 3086 113 3090 ¹
159 3104 287 3170 peratore
310 3097 464 3161 conditum,
488 3097 561 3170 quod
576 3089 766 3176 'A6pt6vrtor
785 3099 932 3167 vocabaut3
956 3099 1084 3174 quodque
1108 3103 1187 3158 lose-

159 3181 216 3255 plro
232 3181 365 3237 Comite
358 3199 384 3237 m
400 3181 546 3238 Ecclesiam
569 3191 703 3240 mutatum
726 3184 820 3243 scribit
836 3185 915 3241 Haer.
934 3187 983 3250 30,
996 3187 1043 3242 tt.
1074 3185 1113 3241 Ex
1129 3203 1186 3262 quo

159 3266 243 3323 videri
264 3264 357 3340 potest
379 3267 458 3322 etiam
482 3268 535 3324 hoc
557 3267 618 3325 loco
635 3260 823 3347 Ἀδριάνιιον
843 3269 998 3344 legendum.
1039 3270 1184 3328 Caeterum

159 3351 306 3407 Adrianum
334 3351 465 3408 titulos
457 3370 484 3408 ιιι
514 3353 642 3427 operibus
672 3372 727 3411 nou
756 3371 861 3411 amasse
885 3356 1004 3428 prodit
997 3372 1024 3411 m
1048 3356 1108 3412 eius
1132 3352 1183 3413 vital

159 3433 328 3507 Spartianus.

243 3514 416 3599 Fppyaplav
437 3522 493 3578 τοῦ
516 3519 727 3597 Μιλητιανοῦ]
756 3524 919 3598 ζθιιςοιιιιιιι
935 3521 1124 3598 Cappadocem
1139 3526 1185 3581 in-

160 3600 265 3676 telligit,
287 3607 334 3679 qui
357 3622 389 3662 ex
411 3607 578 3666 Antiocheaa
595 3608 705 3682 Synodo
719 3609 907 3667 Alexandriam
929 3611 1030 3666 missus
1053 3618 1081 3666 et
1095 3611 1184 3671 Atiae

309 3698 338 3744 :r
1023 3700 1025 3705 ’
1068 3702 1072 3713 ’
1121 3706 1128 3731 ⁵
