2534 4154
484 278 774 357 taruannenstbncs.
1071 294 1134 368 303,

120 461 221 517 tionem
244 477 274 516 ac
289 460 521 534 participationem
534 461 626 519 locum
640 460 787 537 habuisse..
809 461 887 530 Quod
902 479 982 519 secus
997 481 1027 518 se
1042 463 1136 524 habet.

119 546 184 602 Nam
207 563 222 602 a
243 545 432 620 mysteriorum
448 544 631 609 celebratione
645 563 677 603 ac
691 547 881 607 communione
895 546 1008 620 Synasis
1021 549 1135 621 gerlande

118 631 208 689 ‹lillert
228 640 259 686 ut
281 647 370 703 genus
388 649 411 687 a·
426 632 520 696 turma,
542 640 688 706 propterea
710 631 782 707 quod
798 649 853 689 non
873 631 1005 699 *omnibus
1019 633 1047 689 in
1063 634 1136 707 Syn-a

118 716 212 773 axibus
228 715 396 773 bominicum
419 732 518 790 corpus
538 727 588 774 aut
608 717 781 780 offerebatur,
802 725 850 773 aut
868 734 887 774 a
908 717 1036 777 fidelibus,
1051 736 1136 776 usur„

117 800 256 875 nabetur„
273 801 350 868 Quod
373 801 532 865 exsecrate
552 803 679 876 primum,
702 802 762 859 loro
785 801 841 865 illo,
859 819 946 875 guam
965 803 1135 877 panloante
1234 877 1237 880 ι

117 886 267 949 citavimus,
289 885 457 959 intelligitur,
481 886 527 943 ubi
548 889 587 964 τῇ
607 880 730 965 τετράδι
754 882 803 943 καὶ
818 890 999 965 παρασκευῇ
1014 887 1133 962 synaxes

115 970 291 1026 Alexandriae
307 970 371 1027 steri
394 971 496 1037 scribit,
520 966 591 1045 δίχα
606 975 667 1045 ,τῆς
688 973 749 1028 τῶν
769 966 947 1048 μυστηρίων
968 970 1096 1048 τελετῆς.

201 1055 268 1112 Tum
296 1055 421 1113 universe
447 1056 684 1114 de,0rientalibus
708 1074 739 1113 ac
762 1056 870 1113 Graecis
884 1056 928 1119 ‚iu
950 1065 1044 1130 potest
1062 1069 1180 1124 con-‚351

115 1139 168 1196 fici.
199 1140 302 1197 Etenim
324 1157 376 1213 pen
394 1141 521 1198 solennes
543 1141 704 1199 ieiuniorum
726 1141 924 1215 ‹liesllysteria
947 1141 1020 1199 nulla
1043 1152 1072 1200 et
1085 1161 1132 1201 sa·

115 1225 217 1281 crificia
236 1225 445 1298 peragebantur,
468 1243 557 1300 neque
578 1226 686 1305 publice
708 1245 739 1285 ac
761 1226 887 1300 legitime
896 1227 1132 1287 communicabant

114 1310 219 1366 lideles.
259 1311 324 1365 Nam
346 1311 526 1367 laodicenum
550 1312 696 1369 Concilium
720 1311 830 1369 &nune
851 1313 890 1370 49
920 1319 991 1369 vetat
1014 1313 1132 1384 quadra-

114 1395 235 1468 gesimali
257 1405 380 1467 tempere
403 1414 499 1468 panem
517 1396 624 1462 offerre,
648 1403 837 1470 praeterquam
860 1397 891 1455 in
907 1395 1025 1453 Sabbata
1048 1407 1131 1470 atquc

89 1479 265 1536 beminen:
296 1469 341 1536 ὅτι
371 1473 406 1535 οὐ
436 1476 484 1537 δεῖ
494 1483 544 1582 τῇ
566 1484 797 1559 τεσσαρακοστῇ
819 1472 917 1557 ἄρτον
935 1475 1131 1557 προσφέρειν,

113 1559 173 1638 alt
160 1583 204 1639 μη
227 1560 260 1621 ἓν
279 1555 428 1643 σαββάτῳ
451 1560 501 1623 καὶ
523 1569 686 1645 κοριακῇρ
673 1559 776 1641 μόνον.
808 1566 892 1636 Quem
909 1565 1045 1622 (lenonem
1069 1566 1130 1638 ple-

113 1649 191 1722 rique
213 1666 268 1705 non
291 1659 364 1709 recte
386 1650 419 1707 dc
434 1650 575 1724 Eulogiis,
604 1652 659 1709 sive
682 1652 843 1708 fermentato
866 1668 935 1725 pane
958 1651 1129 1724 interpretati

112 1748 192 1798 sunt,
226 1734 260 1790 de
288 1749 342 1807 quo
369 1734 424 1808 agit
451 1735 521 1791 itlcm
551 1736 658 1792 Laudic.
688 1736 752 1792 Can.
771 1740 806 1795 te
841 1746 868 1793 et
901 1736 1075 1803 Innocentius
1103 1741 1129 1805 l,¹

111 1819 233 1892 Egisti.
258 1836 281 1875 c,
300 1822 327 1876 5.
364 1823 452 1892 atque
472 1820 547 1877 bunc
567 1820 665 1877 iccirco
687 1830 783 1894 putant
805 1820 967 1894 offerriper
988 1820 1048 1877 illos
1071 1820 1129 1893 dies

111 1904 221 1962 minime
243 1904 361 1968 licuisse,
385 1921 419 1959 ne
442 1921 472 1961 en
494 1905 613 1975 solnenli
637 1905 730 1962 ieiunii
744 1915 817 1964 esset
832 1906 948 1969 occasio.
965 1905 1062 1963 ¹(latins
1078 1905 1129 1969 ial-

111 1989 234 2045 sissimae
255 1989 492 2061 intrerpretattonis
508 1992 637 2048 authores
659 1992 697 2047 vis
718 1992 777 2064 ipsa
801 1991 872 2048 verbi
889 1984 1076 2068 προσφέρειν
1096 2007 1128 2048 nc

110 2082 232 2148 potestas
255 2073 362 2138 refellit,
385 2091 453 2146 quae
476 2076 509 2131 cle
531 2076 662 2133 sacrificio
685 2085 712 2133 et
734 2076 870 2134 oblatione
891 2076 963 2132 salet
979 2075 1073 2149 accipi,
1096 2085 1128 2134 ut

110 2159 137 2215 in
152 2159 269 2215 Nicaeae
287 2159 408 2217 Can-18.
439 2160 486 2215 Est
507 2160 589 2234 igitur
602 2156 786 2240 προσφέρειν
799 2151 902 2237 ἄρτον,
923 2177 1021 2234 panem
1036 2161 1146 2235 ipsum*
1176 2222 1180 2231 ,

110 2252 325 2317 repraesentare,
349 2261 381 2300 ea
403 2261 458 2316 quo
473 2245 571 2301 (βαβαί
594 2263 695 2320 corpus
717 2246 923 2303 consecratione
937 2245 1024 2301 lieret.
1049 2245 1125 2312 Quod
1203 2271 1204 2274 ¹

109 2329 206 2403 partim
236 2347 250 2384 a
273 2328 465 2385 Sacerdotibus
492 2329 558 2402 ipsis
586 2331 612 2386 in
641 2349 778 2386 sacrorum
807 2329 945 2387 iunctione
968 2327 1127 2406 σοπελετῇ

109 2415 227 2487 geritur,
261 2414 358 2486 partim
391 2423 454 2469 ante
481 2413 670 2487 Mysteriorum
702 2415 912 2471 celebrationem
943 2431 958 2469 a
989 2413 1125 2481 fidelibus..

108 2499 193 2557 Nemo
223 2499 293 2555 enim
320 2499 385 2556 citra
408 2507 500 2555 notem
522 2499 638 2573 aliquam
660 2490 837 2572 ἀσύμβολος
857 2507 886 2561 ct
908 2498 967 2554 sine
989 2497 1125 2554 oblatione

107 2583 217 2657 propria
246 2581 475 2647 communicabat,
504 2584 553 2640 scd
580 2601 676 2658 panem
704 2601 783 2641 sunm
811 2600 842 2639 ac
871 2583 963 2647 vinum
983 2582 1124 2641 offerebat,

108 2668 176 2724 Hinc
204 2669 350 2724 vehemens
378 2667 422 2723 illa
445 2667 569 2742 Cypriani
597 2669 708 2742 querela
731 2669 768 2724 tle
790 2667 920 2725 matronis
942 2667 1124 2742 lncarpletibua

107 2753 154 2809 bb.
178 2753 211 2808 de
227 2754 314 2826 Opere
337 2762 364 2810 et
379 2752 527 2813 Eleemos:
551 2754 689 2828 Menates
711 2761 737 2815 st
758 2755 835 2811 divas
858 2760 936 2809 erat
956 2753 1123 2819 ἀοσιίαίοοα

107 2840 250 2894 celebrare
274 2845 300 2893 te
322 2839 421 2902 oratu,
443 2855 517 2911 quae
540 2841 690 2896 corbonam
705 2840 885 2897 omnisonae
900 2840 1027 2912 respicis,
1051 2855 1124 2910 nune

107 2923 139 2979 ic
159 2923 328 2979 dominicum
349 2925 410 2979 sine
430 2925 574 2997 counitio
592 2926 680 2991 uenia
702 2941 776 2998 quoe
796 2926 827 2981 in
845 2933 958 2997 pumat
979 2926 1013 2979 de
1030 2924 1122 2987 oncri

105 3009 183 3082 ficio,
212 3009 286 3080 qued
310 3025 423 3081 pauper
444 3011 551 3074 obtulit,
573 3010 670 3066 sumis.
712 3009 880 3084 Augustinus
902 3010 989 3066 Sarm.
1006 3010 1068 3076 bib,
1089 3009 1123 3064 de

107 3093 255 3166 Tempore:
286 3090 464 3158 Oblationes,
493 3110 566 3167 quoe
593 3096 624 3151 in
645 3096 750 3151 altorio
773 3100 985 3158 consecrentur,
1015 3093 1123 3170 ufferw-

104 3177 279 3235 Eratbesccre
302 3179 484 3235 tetartaeo
504 3181 637 3244 idoneus,
663 3179 690 3237 si
710 3181 745 3236 tle
766 3179 863 3236 abeno
883 3178 1027 3235 oblatione
1049 3194 1123 3233 eont-

104 3264 238 3320 municet.
283 3263 360 3331 Quod
387 3262 459 3321 idem
487 3274 515 3321 et
542 3265 667 3338 sequenti
689 3280 814 3323 sermone
836 3263 945 3336 repetit.
961 3300 964 3309 -
981 3262 1121 3332 ,Quoniam

104 3347 190 3421 igitur
209 3348 256 3423 qui
279 3348 475 3408 communionis
497 3349 557 3404 iure
577 3350 715 3422 praeditus
737 3356 804 3412 erat,
826 3346 896 3407 itlem
918 3355 966 3404 aut
981 3345 1121 3413 offerebat,

105 3441 153 3490 ant
172 3433 273 3489 ollerre
296 3441 380 3495 certe,
403 3433 475 3489 unde
491 3434 737 3496 communicaturus
752 3440 833 3496 esset,
856 3441 973 3506 poterat,
997 3432 1060 3489 hinc
1074 3448 1123 3495 ve-

104 3518 172 3575 tusti
196 3518 319 3575 &nones
347 3534 416 3582 eos,
439 3517 483 3591 qui
506 3517 533 3573 in
556 3527 676 3575 extremo
698 3516 783 3591 gradu
804 3517 1001 3592 poenitentium
1024 3517 1123 3575 baere-

104 3614 176 3669 rent,
200 3621 280 3678 quam
301 3595 450 3659 σι’·στασιν
470 3602 653 3668 nominabant,
676 3603 723 3686 qui
744 3619 805 3659 cum
827 3601 953 3664 fidelibus
967 3602 1120 3661 orationum
