2534 4154
109 282 188 325 txnn
521 278 545 325 S.
564 275 714 325 EPlPlllel

109 449 224 506 scopum
247 448 308 488 cum
330 432 455 505 petiisset
476 427 510 486 de
523 426 603 485 'illius
620 429 827 487 controversiae
849 429 923 485 exitu
938 429 1030 485 doceri
1041 430 1128 487 ’ωδε-

108 518 188 582 bino,
218 517 280 591 quia
308 534 340 572 er
363 516 472 590 Galippo
501 516 613 572 diacono
636 516 751 572 audierit
772 514 848 570 illum
872 515 1046 571 Constantine
1064 517 1128 590 epi-

109 619 222 675 scopum
244 602 406 657 ordinatum.

195 689 243 743 57.
288 685 392 750 Habes,
415 685 528 749 Lector,
551 685 594 740 bis
617 683 724 740 duobus
746 683 879 757 capitibus
901 685 1128 758 comprehensam

108 772 194 827 totius
216 771 335 844 prolixae
358 770 422 826 alias
445 769 550 825 tabulae
573 786 713 832 summam,
738 787 770 824 eo
793 769 856 832 line,
880 778 911 824 ut
932 770 954 824 si
977 769 1042 841 qnid
1065 769 1129 826 alibi

108 856 228 931 reperias
251 873 266 910 a
288 855 367 911 nobis
389 855 565 929 praeteritum
587 853 730 926 inprimis
756 854 876 926 quinque
899 854 1031 927 capitibus
1052 855 1129 926 qnod

108 940 153 997 bic
176 941 256 996 etiam
279 941 440 1013 attingatur,
465 940 619 995 discernere
636 938 735 1011 possiS,
758 947 850 993 utrum
866 939 892 993 id
907 940 970 994 hinc
985 949 1128 1011 acceptum

108 1026 243 1082 aestimari
265 1042 320 1080 non
344 1025 456 1091 debeat;
480 1042 513 1080 an
528 1041 602 1088 nero,
626 1032 657 1078 ut
672 1040 704 1078 ex
718 1023 823 1078 meliori
839 1032 951 1079 auctore
967 1025 1021 1079 huc
1037 1032 1128 1079 trans-

107 1111 200 1174 latum,
224 1110 303 1165 lidem
327 1119 464 1166 mercatur
485 1126 547 1165 cum
569 1107 706 1181 prioribus
729 1107 862 1163 obtinere.
903 1108 1032 1164 Similiter
1052 1108 1125 1164 arbi⁴

108 1196 160 1251 trio
185 1205 231 1250 tuo
255 1195 389 1270 relinquo,
412 1194 513 1250 velisne
535 1210 585 1266 pro
608 1193 726 1265 genuino
743 1193 770 1247 S.
787 1192 929 1265 Epiphanii
951 1193 1006 1249 leta
1027 1193 1128 1250 babere

107 1297 170 1336 cum
191 1280 352 1335 bellarmino
375 1279 473 1335 librum
496 1278 538 1332 De
559 1279 619 1332 cita
637 1277 841 1349 prophetorum
863 1293 1011 1350 eorumque
1032 1279 1128 1350 repot-

108 1373 189 1429 turo,
214 1365 333 1437 quamvis
357 1366 480 1438 ignotum
501 1363 599 1417 Plrotio
620 1364 718 1418 n.122
743 1372 770 1417 et
793 1380 869 1435 seqq.
894 1362 951 1417 eius
975 1380 1058 1436 opera
1081 1380 1128 1419 re-

108 1450 245 1516 censenti;
269 1467 303 1505 an
325 1467 386 1506 cum
409 1448 553 1503 novissimo
577 1446 635 1500 eius
657 1446 807 1519 interprete
828 1447 952 1512 Petavio,
982 1441 1128 1522 ψευδεπί-

106 1552 230 1612 γραφον
251 1533 371 1599 credere,
396 1540 529 1605 “propter
551 1539 690 1586 sexcentas
713 1532 914 1586 mendaciorum
936 1549 1038 1605 nugae,
1065 1533 1129 1605 qui·

108 1619 160 1675 bus
188 1619 266 1676 liber
288 1619 332 1674 ille
362 1616 479 1673 relertus
509 1615 576 1670 est”.
620 1616 729 1671 Petavio
752 1616 913 1672 Sirmundns
937 1626 964 1672 et
985 1617 1128 1673 Labbaeus

109 1705 312 1776 subscripsere,
341 1702 427 1756 sancti
449 1701 536 1756 Patris
559 1701 657 1755 honori
679 1701 814 1767 laventes;
844 1711 872 1756 et
893 1702 992 1756 horam
1014 1712 1128 1758 senten-

107 1790 171 1844 tiam
199 1805 232 1842 ex
260 1787 355 1842 eodem
382 1786 482 1841 motivo
510 1784 639 1840 libentius
667 1794 765 1852 teneo,
794 1786 857 1842 licet
886 1787 951 1841 satis
979 1786 1127 1860 intelligam

108 1889 169 1927 cum
191 1870 325 1934 Labbaeo,
349 1887 410 1925 esse
432 1870 478 1942 qui
500 1877 645 1935 censeant,
669 1878 745 1926 “non
769 1871 858 1926 omnia
879 1870 1016 1927 veteribus
1038 1872 1128 1928 Patri·

108 1955 160 2011 bus
183 1955 380 2019 subtrahenda,
400 1955 428 2010 in
450 1953 549 2028 quibus
568 1954 741 2011 Thalmudica
763 1964 915 2012 commenta
937 1965 966 2012 et
979 1956 1127 2014 Hebraicae

109 2039 240 2114 quaedam
263 2039 420 2094 deuteroses
443 2039 626 2095 continentur.

196 2127 244 2182 58.
290 2125 334 2180 Sic
361 2124 432 2180 liber
459 2124 501 2178 De
527 2123 590 2182 Vita
617 2131 643 2180 et
670 2130 758 2179 morte
778 2125 928 2190 iustorum,
957 2125 1072 2182 baronio
1099 2127 1128 2182 in

108 2209 180 2265 notis
203 2209 235 2265 ad
257 2210 407 2264 Romanum
428 2209 649 2282 Martyrologium
676 2209 767 2266 llleii
788 2219 815 2266 et
832 2212 870 2267 25
895 2211 1064 2283 “cuiuspiam
1087 2211 1128 2278 al-

108 2296 194 2351 terius
215 2296 308 2368 potius
331 2312 411 2368 quam
427 2294 456 2350 S.
472 2294 567 2349 lsidori
590 2312 650 2350 esse
672 2293 786 2359 videtur,
812 2311 844 2351 eo
867 2295 941 2368 quod
958 2295 985 2350 in
1002 2314 1034 2351 eo
1050 2313 1128 2352 com·

108 2380 186 2453 plura
209 2381 394 2454 reperiantur,
417 2379 520 2435 lsidoro
543 2379 667 2453 indigna,
692 2388 879 2452 coagmentata
900 2381 1069 2436 mendacia'’:
1094 2381 1127 2437 de

110 2482 142 2521 eo
169 2475 260 2522 tamen
289 2484 343 2521 non
372 2466 436 2520 sinit
463 2482 514 2520 nos
542 2465 665 2520 dubitare
688 2465 715 2520 S.
731 2465 838 2521 Braulio
866 2466 894 2520 in
921 2467 1127 2539 praenotatione

108 2549 240 2606 librorum
264 2550 336 2605 eius:
360 2551 396 2606 ita
419 2559 450 2605 ut
471 2550 536 2605 huie
559 2550 711 2606 excusando
728 2550 800 2606 aliud
815 2568 869 2606 non
886 2559 1022 2623 suppetat,
1046 2568 1127 2623 quam

109 2650 171 2689 curn
193 2634 317 2689 Labbaeo
334 2635 376 2690 vcl
392 2652 540 2707 agnoscere
556 2635 609 2690 “ab
626 2635 715 2708 aliquo
730 2636 926 2709 interpolatore
941 2636 1127 2708 corruptum,¹'

108 2717 151 2772 vel
171 2718 289 2790 ingenue
311 2719 397 2782 lateri,
422 2719 495 2790 qnod
519 2720 617 2773 “nimis
640 2718 775 2784 credulus,
799 2735 867 2791 quac
890 2719 923 2772 ab
946 2719 1004 2774 aliis
1027 2721 1127 2792 scriptu

109 2801 226 2874 reperit,
256 2802 344 2856 minus
373 2802 510 2865 discussa,
541 2819 594 2856 nou
623 2811 678 2857 tem
700 2820 748 2856 sua
772 2819 851 2874 qnam
874 2801 960 2856 aliena
982 2805 1129 2876 protulerit

109 2886 188 2942 lide”.
233 2885 364 2953 Quamdiu
384 2895 475 2940 tamen
503 2886 665 2941 alterutrum
694 2886 783 2941 dicere
810 2903 860 2958 pro
883 2887 985 2942 tuendo
1007 2888 1053 2958 qai
1075 2889 1127 2944 sub

109 2971 250 3044 Epiphanii
271 2970 381 3025 nomine
402 2969 615 3025 controvertitur
628 2970 707 3033 libro,
731 2970 824 3024 similis
840 2970 972 3042 ponderis·
983 2987 1038 3026 non
1054 2972 1129 3045 cogit

110 3057 271 3119 auctoritaS,
301 3054 372 3109 bene
400 3054 432 3109 de
461 3054 506 3110 illo
530 3071 624 3109 omnes
647 3055 745 3110 mereri
768 3055 906 3118 existimo,
936 3056 982 3127 qui
1004 3056 1031 3110 id
1053 3059 1128 3130 quod

111 3141 169 3196 eius
190 3141 319 3214 gravitate
340 3139 479 3211 indignum
502 3156 563 3194 esse
578 3139 774 3195 rationabiliter
788 3148 909 3204 censent,
933 3140 1041 3214 abipso
1057 3143 1127 3198 scri-

109 3235 186 3298 ptum
213 3242 273 3280 esse
295 3242 350 3280 uon
372 3225 490 3279 libenter
512 3224 641 3292 credunt;
673 3224 742 3279 male
765 3233 890 3289 econtra,
920 3226 966 3298 qui
989 3228 1126 3284 mordicus

108 3311 135 3366 id
157 3311 292 3367 sustinere
314 3310 417 3374 volunt,
441 3318 471 3364 ut
494 3310 552 3364 eius
575 3310 745 3374 auctoritate,
769 3311 839 3364 sicut
861 3319 889 3364 et
911 3311 938 3366 S.
955 3311 1050 3368 lsidori
1073 3311 1127 3368 tut-

108 3395 156 3451 ciri
178 3396 334 3460 videantur,
358 3412 427 3468 quae
449 3393 486 3449 ibi
508 3394 541 3449 de
563 3394 636 3450 Eliae
657 3396 808 3467 prophetae
830 3395 965 3453 natalibus
987 3398 1125 3471 leguntur.

108 3479 239 3551 Equidem
261 3480 383 3536 existimo
406 3481 499 3535 Patres
522 3480 605 3543 istoS,
630 3480 653 3534 si
675 3479 737 3536 talia
758 3481 810 3553 ipsi
832 3498 925 3538 revera
946 3484 1125 3556 scripserunt,

106 3580 181 3621 mere
204 3565 383 3640 interpretum
406 3574 434 3620 et
456 3564 631 3621 collectorum
653 3564 731 3638 longi
753 3565 843 3624 officio
865 3567 997 3633 voluisse,
1021 3567 1125 3624 nullom
