<?xml version="1.0" encoding="UTF-8"?>
<!DOCTYPE html PUBLIC "-//W3C//DTD XHTML 1.0 Transitional//EN"
    "http://www.w3.org/TR/xhtml1/DTD/xhtml1-transitional.dtd">
<html xmlns="http://www.w3.org/1999/xhtml" xml:lang="en" lang="en">
 <head>
  <title>
</title>
<meta http-equiv="Content-Type" content="text/html;charset=utf-8" />
  <meta name='ocr-system' content='tesseract 3.04.00' />
  <meta name='ocr-capabilities' content='ocr_page ocr_carea ocr_par ocr_line ocrx_word'/>
</head>
<body>
  <div class='ocr_page' id='page_1' title='image "./epiphaniiepisco00epipgoog_0236.png"; bbox 0 0 2534 4154; ppageno 0'>
   <div class='ocr_carea' id='block_1_1' title="bbox 435 314 1091 380">
    <p class='ocr_par' dir='ltr' id='par_1_1' title="bbox 435 314 1091 380">
     <span class='ocr_line' id='line_1_1' title="bbox 435 314 1091 380; baseline 0.002 -2"><span class='ocrx_word' id='word_1_1' title='bbox 435 329 725 380; x_wconf 75' lang='lat' dir='ltr'>taruannensronus</span> <span class='ocrx_word' id='word_1_2' title='bbox 1030 314 1091 379; x_wconf 74' lang='lat' dir='ltr'>tte</span> 
     </span>
    </p>
   </div>
   <div class='ocr_carea' id='block_1_2' title="bbox 68 483 1093 3612">
    <p class='ocr_par' dir='ltr' id='par_1_2' title="bbox 68 483 1093 881">
     <span class='ocr_line' id='line_1_2' title="bbox 68 483 1092 560; baseline 0.005 -19"><span class='ocrx_word' id='word_1_3' title='bbox 68 483 308 556; x_wconf 64' lang='lat' dir='ltr'>Magitniouem,</span> <span class='ocrx_word' id='word_1_4' title='bbox 331 483 572 548; x_wconf 82' lang='lat' dir='ltr'>llo&#39;edromionem,</span> <span class='ocrx_word' id='word_1_5' title='bbox 601 485 824 559; x_wconf 79' lang='lat' dir='ltr'>Tyanepsienem.</span> <span class='ocrx_word' id='word_1_6' title='bbox 870 484 935 560; x_wconf 83' lang='lat' dir='ltr'>Cum</span> <span class='ocrx_word' id='word_1_7' title='bbox 958 486 1041 560; x_wconf 85' lang='lat' dir='ltr'>igitur</span> <span class='ocrx_word' id='word_1_8' title='bbox 1056 484 1092 546; x_wconf 81' lang='lat' dir='ltr'>‘et</span> 
     </span>
     <span class='ocr_line' id='line_1_3' title="bbox 68 563 1091 643; baseline 0.003 -19"><span class='ocrx_word' id='word_1_9' title='bbox 68 568 242 643; x_wconf 75' lang='lat' dir='ltr'>Tyeuepsion</span> <span class='ocrx_word' id='word_1_10' title='bbox 272 569 307 624; x_wconf 91' lang='lat' dir='ltr'>sit</span> <span class='ocrx_word' id='word_1_11' title='bbox 328 568 480 625; x_wconf 81' lang='lat' dir='ltr'><strong>November</strong></span> <span class='ocrx_word' id='word_1_12' title='bbox 507 579 536 626; x_wconf 91' lang='lat' dir='ltr'>et</span> <span class='ocrx_word' id='word_1_13' title='bbox 557 570 692 626; x_wconf 88' lang='lat' dir='ltr'>Posideon</span> <span class='ocrx_word' id='word_1_14' title='bbox 715 563 874 636; x_wconf 76' lang='lat' dir='ltr'>Ianuarius,</span> <span class='ocrx_word' id='word_1_15' title='bbox 904 571 994 627; x_wconf 90' lang='lat' dir='ltr'>nullus</span> <span class='ocrx_word' id='word_1_16' title='bbox 1023 572 1091 628; x_wconf 90' lang='lat' dir='ltr'>alius</span> 
     </span>
     <span class='ocr_line' id='line_1_4' title="bbox 68 652 1093 728; baseline 0.005 -19"><span class='ocrx_word' id='word_1_17' title='bbox 68 652 214 711; x_wconf 75' lang='lat' dir='ltr'>lwembri</span> <span class='ocrx_word' id='word_1_18' title='bbox 240 670 392 726; x_wconf 80' lang='lat' dir='ltr'>congruere</span> <span class='ocrx_word' id='word_1_19' title='bbox 413 663 505 727; x_wconf 92' lang='lat' dir='ltr'>potest</span> <span class='ocrx_word' id='word_1_20' title='bbox 526 665 633 728; x_wconf 80' lang='lat' dir='ltr'>praeter</span> <span class='ocrx_word' id='word_1_21' title='bbox 656 655 917 713; x_wconf 90' lang='lat' dir='ltr'>llaemacterionem.</span> <span class='ocrx_word' id='word_1_22' title='bbox 962 658 1002 712; x_wconf 80' lang='lat' dir='ltr'>hd</span> <span class='ocrx_word' id='word_1_23' title='bbox 1024 657 1093 714; x_wconf 87' lang='lat' dir='ltr'>baec</span> 
     </span>
     <span class='ocr_line' id='line_1_5' title="bbox 68 738 1092 800; baseline 0.002 -3"><span class='ocrx_word' id='word_1_24' title='bbox 68 738 207 797; x_wconf 79' lang='lat' dir='ltr'>liodorus</span> <span class='ocrx_word' id='word_1_25' title='bbox 229 738 282 795; x_wconf 89' lang='grc'>1.3</span> <span class='ocrx_word' id='word_1_26' title='bbox 312 739 452 794; x_wconf 90' lang='lat' dir='ltr'>continuat</span> <span class='ocrx_word' id='word_1_27' title='bbox 480 741 531 796; x_wconf 88' lang='lat' dir='ltr'>bos</span> <span class='ocrx_word' id='word_1_28' title='bbox 559 740 628 796; x_wconf 91' lang='lat' dir='ltr'>duos</span> <span class='ocrx_word' id='word_1_29' title='bbox 655 757 763 797; x_wconf 87' lang='lat' dir='ltr'>menses</span> <span class='ocrx_word' id='word_1_30' title='bbox 785 741 1037 798; x_wconf 83' lang='lat' dir='ltr'>Maemacterionem</span> <span class='ocrx_word' id='word_1_31' title='bbox 1064 750 1092 800; x_wconf 90' lang='lat' dir='ltr'>et</span> 
     </span>
     <span class='ocr_line' id='line_1_6' title="bbox 68 823 260 881; baseline -0.005 0"><span class='ocrx_word' id='word_1_32' title='bbox 68 823 260 881; x_wconf 59' lang='lat' dir='ltr'>desideonem.</span> 
     </span>
    </p>

    <p class='ocr_par' dir='ltr' id='par_1_3' title="bbox 68 907 1092 3612">
     <span class='ocr_line' id='line_1_7' title="bbox 156 907 1091 982; baseline 0.005 -18"><span class='ocrx_word' id='word_1_33' title='bbox 156 907 211 964; x_wconf 89' lang='lat' dir='ltr'>Sed</span> <span class='ocrx_word' id='word_1_34' title='bbox 233 908 365 964; x_wconf 89' lang='lat' dir='ltr'>eiusmodi</span> <span class='ocrx_word' id='word_1_35' title='bbox 388 919 429 965; x_wconf 92' lang='lat' dir='ltr'>est</span> <span class='ocrx_word' id='word_1_36' title='bbox 450 909 495 964; x_wconf 91' lang='lat' dir='ltr'>illa</span> <span class='ocrx_word' id='word_1_37' title='bbox 517 910 585 964; x_wconf 88' lang='lat' dir='ltr'>ratio</span> <span class='ocrx_word' id='word_1_38' title='bbox 598 908 696 982; x_wconf 85' lang='lat' dir='ltr'>Scalig.</span> <span class='ocrx_word' id='word_1_39' title='bbox 720 919 751 965; x_wconf 94' lang='lat' dir='ltr'>ut</span> <span class='ocrx_word' id='word_1_40' title='bbox 772 910 806 965; x_wconf 91' lang='lat' dir='ltr'>ad</span> <span class='ocrx_word' id='word_1_41' title='bbox 828 911 989 967; x_wconf 90' lang='lat' dir='ltr'>contrariam</span> <span class='ocrx_word' id='word_1_42' title='bbox 1004 911 1091 969; x_wconf 83' lang='lat' dir='ltr'>Gazae</span> 
     </span>
     <span class='ocr_line' id='line_1_8' title="bbox 68 993 1091 1068; baseline 0.003 -18"><span class='ocrx_word' id='word_1_43' title='bbox 68 993 234 1050; x_wconf 61' lang='lat' dir='ltr'>untentiam</span> <span class='ocrx_word' id='word_1_44' title='bbox 256 994 456 1067; x_wconf 80' lang='lat' dir='ltr'>approbandam</span> <span class='ocrx_word' id='word_1_45' title='bbox 479 995 567 1067; x_wconf 92' lang='lat' dir='ltr'>aptior</span> <span class='ocrx_word' id='word_1_46' title='bbox 589 995 734 1065; x_wconf 83' lang='lat' dir='ltr'>excogitari</span> <span class='ocrx_word' id='word_1_47' title='bbox 756 995 829 1050; x_wconf 90' lang='lat' dir='ltr'>nulla</span> <span class='ocrx_word' id='word_1_48' title='bbox 852 997 948 1068; x_wconf 81' lang='lat' dir='ltr'><strong>possit.</strong></span> <span class='ocrx_word' id='word_1_49' title='bbox 979 997 1045 1052; x_wconf 90' lang='lat' dir='ltr'>Nam</span> <span class='ocrx_word' id='word_1_50' title='bbox 1066 998 1091 1053; x_wconf 89' lang='lat' dir='ltr'>si</span> 
     </span>
     <span class='ocr_line' id='line_1_9' title="bbox 68 1078 1091 1153; baseline 0.003 -19"><span class='ocrx_word' id='word_1_51' title='bbox 68 1079 240 1153; x_wconf 63' lang='lat' dir='ltr'>Tyanepsion</span> <span class='ocrx_word' id='word_1_52' title='bbox 262 1078 405 1134; x_wconf 91' lang='lat' dir='ltr'>Novembri</span> <span class='ocrx_word' id='word_1_53' title='bbox 428 1080 584 1151; x_wconf 77' lang='lat' dir='ltr'>respondet,</span> <span class='ocrx_word' id='word_1_54' title='bbox 609 1079 826 1135; x_wconf 88' lang='lat' dir='ltr'>Hecatombaeon</span> <span class='ocrx_word' id='word_1_55' title='bbox 850 1081 940 1136; x_wconf 87' lang='lat' dir='ltr'>autem</span> <span class='ocrx_word' id='word_1_56' title='bbox 959 1081 1035 1146; x_wconf 91' lang='lat' dir='ltr'>lulio,</span> <span class='ocrx_word' id='word_1_57' title='bbox 1059 1091 1091 1139; x_wconf 90' lang='lat' dir='ltr'>ut</span> 
     </span>
     <span class='ocr_line' id='line_1_10' title="bbox 68 1163 1092 1239; baseline 0.001 -18"><span class='ocrx_word' id='word_1_58' title='bbox 68 1163 158 1221; x_wconf 76' lang='lat' dir='ltr'>tidem</span> <span class='ocrx_word' id='word_1_59' title='bbox 181 1163 277 1236; x_wconf 89' lang='lat' dir='ltr'>Scalig.</span> <span class='ocrx_word' id='word_1_60' title='bbox 301 1164 398 1236; x_wconf 90' lang='lat' dir='ltr'>placet,</span> <span class='ocrx_word' id='word_1_61' title='bbox 422 1164 596 1236; x_wconf 90' lang='lat' dir='ltr'>hletagitnion</span> <span class='ocrx_word' id='word_1_62' title='bbox 612 1166 744 1236; x_wconf 74' lang='lat' dir='ltr'>Augusto,</span> <span class='ocrx_word' id='word_1_63' title='bbox 768 1164 948 1221; x_wconf 74' lang='lat' dir='ltr'>Bnedremion</span> <span class='ocrx_word' id='word_1_64' title='bbox 962 1166 1092 1239; x_wconf 84' lang='lat' dir='ltr'>Septem-</span> 
     </span>
     <span class='ocr_line' id='line_1_11' title="bbox 68 1248 1091 1322; baseline 0.002 -17"><span class='ocrx_word' id='word_1_65' title='bbox 68 1249 120 1314; x_wconf 79' lang='lat' dir='ltr'>rri,</span> <span class='ocrx_word' id='word_1_66' title='bbox 145 1248 207 1321; x_wconf 91' lang='lat' dir='ltr'>quis</span> <span class='ocrx_word' id='word_1_67' title='bbox 224 1248 368 1304; x_wconf 84' lang='lat' dir='ltr'>Octobrem</span> <span class='ocrx_word' id='word_1_68' title='bbox 379 1249 446 1304; x_wconf 92' lang='lat' dir='ltr'>alius</span> <span class='ocrx_word' id='word_1_69' title='bbox 462 1258 572 1322; x_wconf 88' lang='lat' dir='ltr'>praeter</span> <span class='ocrx_word' id='word_1_70' title='bbox 586 1249 837 1304; x_wconf 90' lang='lat' dir='ltr'>hlaemacterionem</span> <span class='ocrx_word' id='word_1_71' title='bbox 855 1249 904 1305; x_wconf 89' lang='lat' dir='ltr'>sibi</span> <span class='ocrx_word' id='word_1_72' title='bbox 920 1249 1091 1307; x_wconf 71' lang='lat' dir='ltr'>vendicabit?</span> 
     </span>
     <span class='ocr_line' id='line_1_12' title="bbox 68 1327 1091 1410; baseline 0.003 -21"><span class='ocrx_word' id='word_1_73' title='bbox 68 1333 192 1391; x_wconf 60' lang='lat' dir='ltr'>Pessime</span> <span class='ocrx_word' id='word_1_74' title='bbox 214 1333 304 1407; x_wconf 89' lang='lat' dir='ltr'>itaque</span> <span class='ocrx_word' id='word_1_75' title='bbox 339 1342 461 1406; x_wconf 90' lang='lat' dir='ltr'>quartam</span> <span class='ocrx_word' id='word_1_76' title='bbox 483 1334 520 1389; x_wconf 94' lang='lat' dir='ltr'>illi</span> <span class='ocrx_word' id='word_1_77' title='bbox 542 1334 635 1389; x_wconf 92' lang='lat' dir='ltr'>sedem</span> <span class='ocrx_word' id='word_1_78' title='bbox 657 1333 788 1397; x_wconf 75' lang='lat' dir='ltr'>attribuit,</span> <span class='ocrx_word' id='word_1_79' title='bbox 812 1350 843 1390; x_wconf 90' lang='lat' dir='ltr'>ac</span> <span class='ocrx_word' id='word_1_80' title='bbox 856 1335 919 1389; x_wconf 78' lang='grc' dir='ltr'>τῶν</span> <span class='ocrx_word' id='word_1_81' title='bbox 933 1327 1091 1410; x_wconf 59' lang='lat' dir='ltr'>dumetum</span> 
     </span>
     <span class='ocr_line' id='line_1_13' title="bbox 68 1417 1090 1494; baseline 0.003 -20"><span class='ocrx_word' id='word_1_82' title='bbox 68 1417 186 1474; x_wconf 77' lang='lat' dir='ltr'>arimmn</span> <span class='ocrx_word' id='word_1_83' title='bbox 207 1418 279 1483; x_wconf 87' lang='lat' dir='ltr'>lacit,</span> <span class='ocrx_word' id='word_1_84' title='bbox 303 1419 325 1474; x_wconf 91' lang='lat' dir='ltr'>si</span> <span class='ocrx_word' id='word_1_85' title='bbox 340 1419 468 1474; x_wconf 87' lang='lat' dir='ltr'>Novemb.</span> <span class='ocrx_word' id='word_1_86' title='bbox 486 1420 620 1491; x_wconf 88' lang='lat' dir='ltr'>congruit.</span> <span class='ocrx_word' id='word_1_87' title='bbox 648 1419 948 1491; x_wconf 85' lang='lat' dir='ltr'>SanePyanepsionem</span> <span class='ocrx_word' id='word_1_88' title='bbox 964 1421 1090 1494; x_wconf 89' lang='lat' dir='ltr'>quintum</span> 
     </span>
     <span class='ocr_line' id='line_1_14' title="bbox 68 1503 1090 1577; baseline 0.003 -18"><span class='ocrx_word' id='word_1_89' title='bbox 68 1503 161 1576; x_wconf 71' lang='lat' dir='ltr'>potius</span> <span class='ocrx_word' id='word_1_90' title='bbox 184 1519 264 1574; x_wconf 91' lang='lat' dir='ltr'>quam</span> <span class='ocrx_word' id='word_1_91' title='bbox 287 1512 413 1576; x_wconf 90' lang='lat' dir='ltr'>quartum</span> <span class='ocrx_word' id='word_1_92' title='bbox 436 1521 496 1559; x_wconf 91' lang='lat' dir='ltr'>esse</span> <span class='ocrx_word' id='word_1_93' title='bbox 517 1503 714 1559; x_wconf 90' lang='lat' dir='ltr'>numerandum</span> <span class='ocrx_word' id='word_1_94' title='bbox 738 1521 769 1559; x_wconf 82' lang='lat' dir='ltr'>ex</span> <span class='ocrx_word' id='word_1_95' title='bbox 792 1520 824 1560; x_wconf 91' lang='lat' dir='ltr'>eo</span> <span class='ocrx_word' id='word_1_96' title='bbox 847 1503 992 1577; x_wconf 78' lang='lat' dir='ltr'>colligitur,</span> <span class='ocrx_word' id='word_1_97' title='bbox 1015 1507 1090 1577; x_wconf 90' lang='lat' dir='ltr'>quod</span> 
     </span>
     <span class='ocr_line' id='line_1_15' title="bbox 68 1586 1090 1662; baseline 0.002 -19"><span class='ocrx_word' id='word_1_98' title='bbox 68 1586 151 1643; x_wconf 83' lang='lat' dir='ltr'>niemi</span> <span class='ocrx_word' id='word_1_99' title='bbox 174 1604 284 1662; x_wconf 89' lang='lat' dir='ltr'>quoque</span> <span class='ocrx_word' id='word_1_100' title='bbox 306 1587 450 1644; x_wconf 89' lang='lat' dir='ltr'>tribuatur.</span> <span class='ocrx_word' id='word_1_101' title='bbox 481 1589 546 1643; x_wconf 89' lang='lat' dir='ltr'>Nam</span> <span class='ocrx_word' id='word_1_102' title='bbox 563 1588 777 1661; x_wconf 80' lang='lat' dir='ltr'>Thesmophoria</span> <span class='ocrx_word' id='word_1_103' title='bbox 793 1588 979 1661; x_wconf 84' lang='lat' dir='ltr'>Ppanepsione</span> <span class='ocrx_word' id='word_1_104' title='bbox 994 1606 1090 1646; x_wconf 90' lang='lat' dir='ltr'>meuse</span> 
     </span>
     <span class='ocr_line' id='line_1_16' title="bbox 68 1670 1090 1747; baseline 0.002 -18"><span class='ocrx_word' id='word_1_105' title='bbox 68 1670 180 1736; x_wconf 81' lang='lat' dir='ltr'>debant,</span> <span class='ocrx_word' id='word_1_106' title='bbox 203 1680 234 1727; x_wconf 91' lang='lat' dir='ltr'>ut</span> <span class='ocrx_word' id='word_1_107' title='bbox 256 1672 326 1728; x_wconf 91' lang='lat' dir='ltr'>Plut.</span> <span class='ocrx_word' id='word_1_108' title='bbox 349 1674 376 1727; x_wconf 92' lang='lat' dir='ltr'>in</span> <span class='ocrx_word' id='word_1_109' title='bbox 400 1674 520 1729; x_wconf 85' lang='lat' dir='ltr'>Demost.</span> <span class='ocrx_word' id='word_1_110' title='bbox 543 1673 685 1746; x_wconf 89' lang='lat' dir='ltr'>significat.</span> <span class='ocrx_word' id='word_1_111' title='bbox 719 1674 933 1746; x_wconf 80' lang='lat' dir='ltr'>Thesmophoria</span> <span class='ocrx_word' id='word_1_112' title='bbox 955 1690 1037 1747; x_wconf 91' lang='lat' dir='ltr'>porro</span> <span class='ocrx_word' id='word_1_113' title='bbox 1060 1675 1090 1731; x_wconf 89' lang='lat' dir='ltr'>in</span> 
     </span>
     <span class='ocr_line' id='line_1_17' title="bbox 68 1752 1090 1836; baseline 0 -23"><span class='ocrx_word' id='word_1_114' title='bbox 68 1757 187 1813; x_wconf 82' lang='lat' dir='ltr'>hiemem</span> <span class='ocrx_word' id='word_1_115' title='bbox 215 1757 354 1813; x_wconf 91' lang='lat' dir='ltr'>incurrere</span> <span class='ocrx_word' id='word_1_116' title='bbox 382 1767 500 1814; x_wconf 90' lang='lat' dir='ltr'>testatur</span> <span class='ocrx_word' id='word_1_117' title='bbox 528 1759 723 1831; x_wconf 77' lang='lat' dir='ltr'>Aristophanes</span> <span class='ocrx_word' id='word_1_118' title='bbox 754 1752 1090 1854; x_wconf 77' lang='grc' dir='ltr'><em>Θεσμοφοριαζούσαις.</em></span> 
     </span>
     <span class='ocr_line' id='line_1_18' title="bbox 68 1841 1089 1945; baseline 0.004 -48"><span class='ocrx_word' id='word_1_119' title='bbox 68 1841 146 1915; x_wconf 76' lang='lat' dir='ltr'>hpud</span> <span class='ocrx_word' id='word_1_120' title='bbox 169 1858 250 1913; x_wconf 91' lang='lat' dir='ltr'>quem</span> <span class='ocrx_word' id='word_1_121' title='bbox 271 1843 420 1914; x_wconf 81' lang='lat' dir='ltr'>Agathonis</span> <span class='ocrx_word' id='word_1_122' title='bbox 443 1861 536 1898; x_wconf 89' lang='lat' dir='ltr'>servus</span> <span class='ocrx_word' id='word_1_123' title='bbox 559 1844 592 1898; x_wconf 91' lang='lat' dir='ltr'>de</span> <span class='ocrx_word' id='word_1_124' title='bbox 612 1843 889 1945; x_wconf 78' lang='lat' dir='ltr'>Thesmophoriorum</span> <span class='ocrx_word' id='word_1_125' title='bbox 912 1854 1035 1918; x_wconf 87' lang='lat' dir='ltr'>tempore</span> <span class='ocrx_word' id='word_1_126' title='bbox 1050 1845 1089 1902; x_wconf 91' lang='lat' dir='ltr'>sic</span> 
     </span>
     <span class='ocr_line' id='line_1_19' title="bbox 68 1918 1089 2030; baseline 0.002 -47"><span class='ocrx_word' id='word_1_127' title='bbox 68 1926 199 1999; x_wconf 82' lang='lat' dir='ltr'>loquitur,</span> <span class='ocrx_word' id='word_1_128' title='bbox 225 1918 317 1992; x_wconf 78' lang='grc' dir='ltr'><em>αὐτὸς</em></span> <span class='ocrx_word' id='word_1_129' title='bbox 337 1921 414 2028; x_wconf 77' lang='grc' dir='ltr'>γὰρ</span> <span class='ocrx_word' id='word_1_130' title='bbox 419 1920 509 1995; x_wconf 72' lang='grc' dir='ltr'>ἔξεισι</span> <span class='ocrx_word' id='word_1_131' title='bbox 532 1921 626 2001; x_wconf 76' lang='grc' dir='ltr'><em>τάχα</em></span> <span class='ocrx_word' id='word_1_132' title='bbox 651 1922 782 2006; x_wconf 77' lang='grc' dir='ltr'><em>καὶγὰρ</em></span> <span class='ocrx_word' id='word_1_133' title='bbox 804 1921 1017 2002; x_wconf 78' lang='grc' dir='ltr'><em>μελοποιεῖν”</em></span> <span class='ocrx_word' id='word_1_134' title='bbox 998 1947 1089 2030; x_wconf 76' lang='grc' dir='ltr'><em>αρχε·</em></span> 
     </span>
     <span class='ocr_line' id='line_1_20' title="bbox 68 2003 1089 2095; baseline 0.002 -27"><span class='ocrx_word' id='word_1_135' title='bbox 68 2028 130 2081; x_wconf 79' lang='grc' dir='ltr'>ται,</span> <span class='ocrx_word' id='word_1_136' title='bbox 147 2012 300 2084; x_wconf 78' lang='grc' dir='ltr'>χειμῶνος</span> <span class='ocrx_word' id='word_1_137' title='bbox 322 2029 376 2067; x_wconf 68' lang='lat' dir='ltr'>ova</span> <span class='ocrx_word' id='word_1_138' title='bbox 398 2003 485 2080; x_wconf 78' lang='grc' dir='ltr'><em>’όντος</em></span> <span class='ocrx_word' id='word_1_139' title='bbox 507 2006 735 2085; x_wconf 79' lang='grc' dir='ltr'><em>κατακάμπτειν</em></span> <span class='ocrx_word' id='word_1_140' title='bbox 755 2007 813 2080; x_wconf 84' lang='grc' dir='ltr'>τὰς</span> <span class='ocrx_word' id='word_1_141' title='bbox 826 2009 967 2091; x_wconf 81' lang='grc' dir='ltr'>στροφὰς</span> <span class='ocrx_word' id='word_1_142' title='bbox 980 2008 1016 2070; x_wconf 78' lang='grc' dir='ltr'>οὐ</span> <span class='ocrx_word' id='word_1_143' title='bbox 1031 2007 1089 2095; x_wconf 78' lang='grc' dir='ltr'>ῥᾴ-</span> 
     </span>
     <span class='ocr_line' id='line_1_21' title="bbox 68 2089 1087 2175; baseline 0.005 -24"><span class='ocrx_word' id='word_1_144' title='bbox 68 2089 185 2166; x_wconf 50' lang='lat' dir='ltr'>bonust*</span> <span class='ocrx_word' id='word_1_145' title='bbox 167 2114 205 2169; x_wconf 79' lang='grc' dir='ltr'>ην</span> <span class='ocrx_word' id='word_1_146' title='bbox 225 2090 269 2170; x_wconf 75' lang='grc' dir='ltr'>μὴ</span> <span class='ocrx_word' id='word_1_147' title='bbox 291 2095 384 2174; x_wconf 83' lang='grc' dir='ltr'><em>προιη</em></span> <span class='ocrx_word' id='word_1_148' title='bbox 396 2092 513 2174; x_wconf 73' lang='grc' dir='ltr'><em>θοραζ</em></span> <span class='ocrx_word' id='word_1_149' title='bbox 530 2093 608 2175; x_wconf 82' lang='grc' dir='ltr'>προς</span> <span class='ocrx_word' id='word_1_150' title='bbox 621 2116 676 2154; x_wconf 90' lang='grc' dir='ltr'>τον</span> <span class='ocrx_word' id='word_1_151' title='bbox 689 2089 783 2172; x_wconf 83' lang='grc' dir='ltr'><em>ηλιον</em></span> <span class='ocrx_word' id='word_1_152' title='bbox 813 2101 953 2156; x_wconf 81' lang='lat' dir='ltr'>Accedunt</span> <span class='ocrx_word' id='word_1_153' title='bbox 968 2101 1087 2156; x_wconf 88' lang='lat' dir='ltr'>rationes</span> 
     </span>
     <span class='ocr_line' id='line_1_22' title="bbox 68 2180 1089 2256; baseline 0.002 -19"><span class='ocrx_word' id='word_1_154' title='bbox 68 2180 143 2245; x_wconf 76' lang='lat' dir='ltr'>iliae,</span> <span class='ocrx_word' id='word_1_155' title='bbox 167 2197 234 2254; x_wconf 90' lang='lat' dir='ltr'>quas</span> <span class='ocrx_word' id='word_1_156' title='bbox 257 2199 272 2237; x_wconf 92' lang='lat' dir='ltr'>a</span> <span class='ocrx_word' id='word_1_157' title='bbox 294 2182 438 2237; x_wconf 84' lang='lat' dir='ltr'>Theodoro</span> <span class='ocrx_word' id='word_1_158' title='bbox 460 2184 614 2256; x_wconf 88' lang='lat' dir='ltr'>propositas</span> <span class='ocrx_word' id='word_1_159' title='bbox 630 2183 750 2255; x_wconf 77' lang='lat' dir='ltr'>Scaliger</span> <span class='ocrx_word' id='word_1_160' title='bbox 772 2184 931 2240; x_wconf 88' lang='lat' dir='ltr'>dissimulat.</span> <span class='ocrx_word' id='word_1_161' title='bbox 961 2183 996 2239; x_wconf 88' lang='lat' dir='ltr'>Ut</span> <span class='ocrx_word' id='word_1_162' title='bbox 1016 2185 1089 2240; x_wconf 89' lang='lat' dir='ltr'>inter</span> 
     </span>
     <span class='ocr_line' id='line_1_23' title="bbox 68 2264 1089 2337; baseline 0.002 -16"><span class='ocrx_word' id='word_1_163' title='bbox 68 2264 126 2330; x_wconf 83' lang='lat' dir='ltr'>alia,</span> <span class='ocrx_word' id='word_1_164' title='bbox 150 2265 224 2337; x_wconf 85' lang='lat' dir='ltr'>quod</span> <span class='ocrx_word' id='word_1_165' title='bbox 246 2266 326 2322; x_wconf 80' lang='lat' dir='ltr'>Arist</span> <span class='ocrx_word' id='word_1_166' title='bbox 352 2267 384 2323; x_wconf 90' lang='lat' dir='ltr'>de</span> <span class='ocrx_word' id='word_1_167' title='bbox 407 2267 476 2323; x_wconf 86' lang='lat' dir='ltr'>llist</span> <span class='ocrx_word' id='word_1_168' title='bbox 499 2269 587 2323; x_wconf 80' lang='lat' dir='ltr'>hnim.</span> <span class='ocrx_word' id='word_1_169' title='bbox 606 2271 633 2332; x_wconf 88' lang='grc'>6,</span> <span class='ocrx_word' id='word_1_170' title='bbox 652 2270 689 2324; x_wconf 83' lang='grc'>29</span> <span class='ocrx_word' id='word_1_171' title='bbox 713 2268 904 2323; x_wconf 74' lang='lat' dir='ltr'>Roedromioni</span> <span class='ocrx_word' id='word_1_172' title='bbox 926 2268 1089 2324; x_wconf 86' lang='lat' dir='ltr'>llaemacte-</span> 
     </span>
     <span class='ocr_line' id='line_1_24' title="bbox 68 2345 1089 2445; baseline 0.001 -38"><span class='ocrx_word' id='word_1_173' title='bbox 68 2350 172 2407; x_wconf 72' lang='lat' dir='ltr'>nonem</span> <span class='ocrx_word' id='word_1_174' title='bbox 195 2349 343 2423; x_wconf 89' lang='lat' dir='ltr'>subiungit,</span> <span class='ocrx_word' id='word_1_175' title='bbox 367 2351 414 2408; x_wconf 91' lang='lat' dir='ltr'>ubi</span> <span class='ocrx_word' id='word_1_176' title='bbox 436 2352 470 2407; x_wconf 90' lang='lat' dir='ltr'>de</span> <span class='ocrx_word' id='word_1_177' title='bbox 491 2369 633 2408; x_wconf 86' lang='lat' dir='ltr'>cervorum</span> <span class='ocrx_word' id='word_1_178' title='bbox 656 2353 724 2406; x_wconf 89' lang='lat' dir='ltr'>initu</span> <span class='ocrx_word' id='word_1_179' title='bbox 747 2351 882 2425; x_wconf 87' lang='lat' dir='ltr'>loquitur:</span> <span class='ocrx_word' id='word_1_180' title='bbox 904 2373 924 2428; x_wconf 82' lang='grc' dir='ltr'><em>η</em></span> <span class='ocrx_word' id='word_1_181' title='bbox 913 2345 1017 2407; x_wconf 71' lang='lat' dir='ltr'>‘de&#39;</span> <span class='ocrx_word' id='word_1_182' title='bbox 1004 2348 1089 2445; x_wconf 79' lang='grc' dir='ltr'><em>οχεία</em></span> 
     </span>
     <span class='ocr_line' id='line_1_25' title="bbox 68 2424 1088 2513; baseline 0.001 -22"><span class='ocrx_word' id='word_1_183' title='bbox 68 2429 180 2511; x_wconf 73' lang='grc' dir='ltr'><em>γίνεται</em></span> <span class='ocrx_word' id='word_1_184' title='bbox 207 2453 264 2507; x_wconf 76' lang='grc' dir='ltr'>μετ</span> <span class='ocrx_word' id='word_1_185' title='bbox 262 2428 476 2513; x_wconf 79' lang='grc' dir='ltr'><em>Ἀρκτοῦρον</em></span> <span class='ocrx_word' id='word_1_186' title='bbox 502 2432 570 2508; x_wconf 76' lang='grc' dir='ltr'>περὶ</span> <span class='ocrx_word' id='word_1_187' title='bbox 598 2430 653 2492; x_wconf 83' lang='grc' dir='ltr'>τὸν</span> <span class='ocrx_word' id='word_1_188' title='bbox 678 2431 902 2512; x_wconf 73' lang='grc' dir='ltr'><em>Βοηδρομιῶνα</em></span> <span class='ocrx_word' id='word_1_189' title='bbox 924 2431 974 2490; x_wconf 77' lang='grc' dir='ltr'>καὶ</span> <span class='ocrx_word' id='word_1_190' title='bbox 996 2424 1088 2492; x_wconf 72' lang='lat' dir='ltr'>Mott-</span> 
     </span>
     <span class='ocr_line' id='line_1_26' title="bbox 68 2519 1089 2598; baseline 0.001 -22"><span class='ocrx_word' id='word_1_191' title='bbox 68 2521 275 2598; x_wconf 73' lang='grc' dir='ltr'><em>αακτηριαῑνα.</em></span> <span class='ocrx_word' id='word_1_192' title='bbox 305 2521 356 2590; x_wconf 78' lang='lat' dir='ltr'>Qui</span> <span class='ocrx_word' id='word_1_193' title='bbox 377 2520 454 2576; x_wconf 90' lang='lat' dir='ltr'>locus</span> <span class='ocrx_word' id='word_1_194' title='bbox 477 2520 574 2594; x_wconf 89' lang='lat' dir='ltr'>Scalig</span> <span class='ocrx_word' id='word_1_195' title='bbox 599 2520 736 2576; x_wconf 92' lang='lat' dir='ltr'>silentium</span> <span class='ocrx_word' id='word_1_196' title='bbox 758 2519 853 2575; x_wconf 85' lang='lat' dir='ltr'>indicit</span> <span class='ocrx_word' id='word_1_197' title='bbox 875 2528 902 2575; x_wconf 89' lang='lat' dir='ltr'>et</span> <span class='ocrx_word' id='word_1_198' title='bbox 918 2521 1003 2577; x_wconf 86' lang='lat' dir='ltr'>Gazae</span> <span class='ocrx_word' id='word_1_199' title='bbox 1026 2522 1089 2595; x_wconf 90' lang='lat' dir='ltr'>epi-</span> 
     </span>
     <span class='ocr_line' id='line_1_27' title="bbox 68 2603 1088 2663; baseline 0.001 -2"><span class='ocrx_word' id='word_1_200' title='bbox 68 2605 178 2661; x_wconf 88' lang='lat' dir='ltr'>uionem</span> <span class='ocrx_word' id='word_1_201' title='bbox 200 2606 307 2661; x_wconf 86' lang='lat' dir='ltr'>astruit.</span> <span class='ocrx_word' id='word_1_202' title='bbox 344 2606 402 2661; x_wconf 84' lang='lat' dir='ltr'>buo</span> <span class='ocrx_word' id='word_1_203' title='bbox 425 2605 496 2661; x_wconf 90' lang='lat' dir='ltr'>enirn</span> <span class='ocrx_word' id='word_1_204' title='bbox 520 2623 551 2661; x_wconf 85' lang='lat' dir='ltr'>ex</span> <span class='ocrx_word' id='word_1_205' title='bbox 574 2606 605 2660; x_wconf 93' lang='lat' dir='ltr'>iis</span> <span class='ocrx_word' id='word_1_206' title='bbox 627 2603 716 2660; x_wconf 89' lang='lat' dir='ltr'>verbis</span> <span class='ocrx_word' id='word_1_207' title='bbox 738 2613 813 2660; x_wconf 87' lang='lat' dir='ltr'>reete</span> <span class='ocrx_word' id='word_1_208' title='bbox 835 2605 987 2661; x_wconf 82' lang='lat' dir='ltr'>concludit;</span> <span class='ocrx_word' id='word_1_209' title='bbox 1017 2606 1088 2663; x_wconf 91' lang='lat' dir='ltr'>alte-</span> 
     </span>
     <span class='ocr_line' id='line_1_28' title="bbox 68 2689 1088 2764; baseline 0.001 -17"><span class='ocrx_word' id='word_1_210' title='bbox 68 2704 137 2753; x_wconf 83' lang='lat' dir='ltr'>rum,</span> <span class='ocrx_word' id='word_1_211' title='bbox 159 2689 410 2747; x_wconf 90' lang='lat' dir='ltr'>llaemacterionem</span> <span class='ocrx_word' id='word_1_212' title='bbox 432 2691 513 2764; x_wconf 90' lang='lat' dir='ltr'>paulo</span> <span class='ocrx_word' id='word_1_213' title='bbox 536 2700 599 2764; x_wconf 88' lang='lat' dir='ltr'>post</span> <span class='ocrx_word' id='word_1_214' title='bbox 619 2691 727 2746; x_wconf 83' lang='lat' dir='ltr'>Arcturi</span> <span class='ocrx_word' id='word_1_215' title='bbox 749 2698 839 2746; x_wconf 91' lang='lat' dir='ltr'>ortum</span> <span class='ocrx_word' id='word_1_216' title='bbox 861 2690 995 2763; x_wconf 88' lang='lat' dir='ltr'>incipere:</span> <span class='ocrx_word' id='word_1_217' title='bbox 1019 2691 1088 2748; x_wconf 89' lang='lat' dir='ltr'>alio-</span> 
     </span>
     <span class='ocr_line' id='line_1_29' title="bbox 68 2774 1087 2849; baseline 0.003 -19"><span class='ocrx_word' id='word_1_218' title='bbox 68 2775 113 2849; x_wconf 82' lang='lat' dir='ltr'>[pri</span> <span class='ocrx_word' id='word_1_219' title='bbox 139 2774 241 2831; x_wconf 84' lang='lat' dir='ltr'>frustra</span> <span class='ocrx_word' id='word_1_220' title='bbox 262 2775 514 2832; x_wconf 88' lang='lat' dir='ltr'>llaemacterionem</span> <span class='ocrx_word' id='word_1_221' title='bbox 537 2775 726 2832; x_wconf 78' lang='lat' dir='ltr'>boedromioni</span> <span class='ocrx_word' id='word_1_222' title='bbox 754 2775 910 2831; x_wconf 85' lang='lat' dir='ltr'>subiiceret.</span> <span class='ocrx_word' id='word_1_223' title='bbox 955 2779 1087 2833; x_wconf 83' lang='lat' dir='ltr'>Arcturus</span> 
     </span>
     <span class='ocr_line' id='line_1_30' title="bbox 68 2860 1086 2934; baseline 0 -17"><span class='ocrx_word' id='word_1_224' title='bbox 68 2867 158 2917; x_wconf 80' lang='lat' dir='ltr'>tutem</span> <span class='ocrx_word' id='word_1_225' title='bbox 181 2860 252 2916; x_wconf 91' lang='lat' dir='ltr'>circa</span> <span class='ocrx_word' id='word_1_226' title='bbox 273 2861 429 2916; x_wconf 88' lang='lat' dir='ltr'>autumnale</span> <span class='ocrx_word' id='word_1_227' title='bbox 450 2861 650 2934; x_wconf 90' lang='lat' dir='ltr'>aequinoctium</span> <span class='ocrx_word' id='word_1_228' title='bbox 674 2861 769 2916; x_wconf 91' lang='lat' dir='ltr'>oritur.</span> <span class='ocrx_word' id='word_1_229' title='bbox 800 2860 866 2915; x_wconf 89' lang='lat' dir='ltr'>Nam</span> <span class='ocrx_word' id='word_1_230' title='bbox 882 2860 1086 2933; x_wconf 85' lang='lat' dir='ltr'>Theophrastus</span> 
     </span>
     <span class='ocr_line' id='line_1_31' title="bbox 68 2939 1087 3048; baseline 0 -47"><span class='ocrx_word' id='word_1_231' title='bbox 68 2939 213 3022; x_wconf 77' lang='grc' dir='ltr'><em>κτρωνιάν</em></span> <span class='ocrx_word' id='word_1_232' title='bbox 245 2944 344 3001; x_wconf 87' lang='lat' dir='ltr'>llorere</span> <span class='ocrx_word' id='word_1_233' title='bbox 374 2946 440 3001; x_wconf 92' lang='lat' dir='ltr'>dicit</span> <span class='ocrx_word' id='word_1_234' title='bbox 466 2940 535 3048; x_wconf 77' lang='lat' dir='ltr'>papi</span> <span class='ocrx_word' id='word_1_235' title='bbox 558 2939 801 3046; x_wconf 60' lang='grc' dir='ltr'><em>Ἀρκτοῦρόντρ</em></span> <span class='ocrx_word' id='word_1_236' title='bbox 833 2940 886 3001; x_wconf 81' lang='grc' dir='ltr'>καὶ</span> <span class='ocrx_word' id='word_1_237' title='bbox 917 2940 1087 3022; x_wconf 75' lang='grc' dir='ltr'><em>ἰσημερίαν.</em></span> 
     </span>
     <span class='ocr_line' id='line_1_32' title="bbox 68 3016 1086 3133; baseline 0 -48"><span class='ocrx_word' id='word_1_238' title='bbox 68 3028 215 3087; x_wconf 77' lang='lat' dir='ltr'>suenus</span> <span class='ocrx_word' id='word_1_239' title='bbox 208 3047 329 3133; x_wconf 85' lang='lat' dir='ltr'>insuper,</span> <span class='ocrx_word' id='word_1_240' title='bbox 354 3023 417 3087; x_wconf 68' lang='lat' dir='ltr'>iliu</span> <span class='ocrx_word' id='word_1_241' title='bbox 438 3025 503 3104; x_wconf 78' lang='grc' dir='ltr'>μὲν,</span> <span class='ocrx_word' id='word_1_242' title='bbox 526 3031 622 3103; x_wconf 88' lang='lat' dir='ltr'>inquit,</span> <span class='ocrx_word' id='word_1_243' title='bbox 641 3016 838 3133; x_wconf 75' lang='grc' dir='ltr'><em>ὡραιότατον</em></span> <span class='ocrx_word' id='word_1_244' title='bbox 859 3031 915 3104; x_wconf 84' lang='grc' dir='ltr'>τῆς</span> <span class='ocrx_word' id='word_1_245' title='bbox 928 3023 1037 3103; x_wconf 81' lang='grc' dir='ltr'><em>λατης</em></span> <span class='ocrx_word' id='word_1_246' title='bbox 1049 3023 1086 3086; x_wconf 85' lang='grc' dir='ltr'>τὸ</span> 
     </span>
     <span class='ocr_line' id='line_1_33' title="bbox 68 3105 1087 3218; baseline -0.001 -48"><span class='ocrx_word' id='word_1_247' title='bbox 68 3107 190 3188; x_wconf 72' lang='grc' dir='ltr'><em>σπέρμα</em></span> <span class='ocrx_word' id='word_1_248' title='bbox 217 3109 286 3190; x_wconf 79' lang='grc' dir='ltr'><em>περὶ</em></span> <span class='ocrx_word' id='word_1_249' title='bbox 313 3108 369 3189; x_wconf 78' lang='grc' dir='ltr'>τὴν</span> <span class='ocrx_word' id='word_1_250' title='bbox 395 3110 535 3189; x_wconf 71' lang='grc' dir='ltr'>ἐπιτολὴν</span> <span class='ocrx_word' id='word_1_251' title='bbox 562 3116 617 3171; x_wconf 80' lang='grc' dir='ltr'>τοῦ</span> <span class='ocrx_word' id='word_1_252' title='bbox 639 3108 842 3218; x_wconf 69' lang='grc' dir='ltr'><em>Ἀρκτούρρο·</em></span> <span class='ocrx_word' id='word_1_253' title='bbox 871 3105 955 3180; x_wconf 80' lang='grc' dir='ltr'><em>ὅστις</em></span> <span class='ocrx_word' id='word_1_254' title='bbox 982 3107 1087 3190; x_wconf 83' lang='grc' dir='ltr'><em>καιρὸς</em></span> 
     </span>
     <span class='ocr_line' id='line_1_34' title="bbox 68 3190 1087 3278; baseline -0.002 -23"><span class='ocrx_word' id='word_1_255' title='bbox 68 3192 99 3255; x_wconf 73' lang='grc' dir='ltr'>ἓν</span> <span class='ocrx_word' id='word_1_256' title='bbox 107 3190 251 3274; x_wconf 80' lang='grc' dir='ltr'>Ῥώμῃ</span> <span class='ocrx_word' id='word_1_257' title='bbox 237 3218 252 3255; x_wconf 95' lang='grc' dir='ltr'><em>ο</em></span> <span class='ocrx_word' id='word_1_258' title='bbox 276 3193 463 3273; x_wconf 77' lang='grc' dir='ltr'><em>καλοομενος</em></span> <span class='ocrx_word' id='word_1_259' title='bbox 475 3219 538 3274; x_wconf 80' lang='grc' dir='ltr'>μην</span> <span class='ocrx_word' id='word_1_260' title='bbox 552 3193 797 3278; x_wconf 73' lang='grc' dir='ltr'>Σεκτέμβριός</span> <span class='ocrx_word' id='word_1_261' title='bbox 783 3216 855 3256; x_wconf 72' lang='grc' dir='ltr'><em>εστι</em></span> <span class='ocrx_word' id='word_1_262' title='bbox 885 3199 974 3267; x_wconf 80' lang='lat' dir='ltr'>Quare</span> <span class='ocrx_word' id='word_1_263' title='bbox 996 3197 1087 3254; x_wconf 89' lang='lat' dir='ltr'>modi-</span> 
     </span>
     <span class='ocr_line' id='line_1_35' title="bbox 68 3283 1084 3356; baseline -0.002 -16"><span class='ocrx_word' id='word_1_264' title='bbox 68 3298 128 3340; x_wconf 82' lang='lat' dir='ltr'>cum</span> <span class='ocrx_word' id='word_1_265' title='bbox 152 3300 167 3339; x_wconf 95' lang='lat' dir='ltr'>a</span> <span class='ocrx_word' id='word_1_266' title='bbox 185 3283 340 3356; x_wconf 90' lang='lat' dir='ltr'>Septembri</span> <span class='ocrx_word' id='word_1_267' title='bbox 361 3285 461 3341; x_wconf 90' lang='lat' dir='ltr'>distare</span> <span class='ocrx_word' id='word_1_268' title='bbox 476 3285 728 3341; x_wconf 90' lang='lat' dir='ltr'>hlaemacterionem</span> <span class='ocrx_word' id='word_1_269' title='bbox 742 3301 857 3340; x_wconf 87' lang='lat' dir='ltr'>neeesse</span> <span class='ocrx_word' id='word_1_270' title='bbox 872 3292 923 3340; x_wconf 87' lang='lat' dir='ltr'>est.</span> <span class='ocrx_word' id='word_1_271' title='bbox 952 3283 1084 3349; x_wconf 78' lang='lat' dir='ltr'>Alterum,</span> 
     </span>
     <span class='ocr_line' id='line_1_36' title="bbox 68 3368 1086 3442; baseline -0.001 -18"><span class='ocrx_word' id='word_1_272' title='bbox 68 3369 141 3442; x_wconf 68' lang='lat' dir='ltr'>qnod</span> <span class='ocrx_word' id='word_1_273' title='bbox 156 3368 226 3424; x_wconf 86' lang='lat' dir='ltr'>Gaza</span> <span class='ocrx_word' id='word_1_274' title='bbox 248 3369 358 3442; x_wconf 83' lang='lat' dir='ltr'>colligit,</span> <span class='ocrx_word' id='word_1_275' title='bbox 383 3379 439 3426; x_wconf 92' lang='lat' dir='ltr'>est:</span> <span class='ocrx_word' id='word_1_276' title='bbox 463 3370 714 3427; x_wconf 85' lang='lat' dir='ltr'>Maemacterionem</span> <span class='ocrx_word' id='word_1_277' title='bbox 731 3369 920 3425; x_wconf 78' lang='lat' dir='ltr'>Boedromioni</span> <span class='ocrx_word' id='word_1_278' title='bbox 934 3368 1086 3442; x_wconf 83' lang='lat' dir='ltr'>proximum</span> 
     </span>
     <span class='ocr_line' id='line_1_37' title="bbox 68 3453 1086 3528; baseline -0.003 -17"><span class='ocrx_word' id='word_1_279' title='bbox 68 3469 137 3511; x_wconf 74' lang='lat' dir='ltr'>esse.</span> <span class='ocrx_word' id='word_1_280' title='bbox 181 3453 248 3509; x_wconf 89' lang='lat' dir='ltr'>Nam</span> <span class='ocrx_word' id='word_1_281' title='bbox 275 3455 382 3527; x_wconf 82' lang='lat' dir='ltr'>quoties</span> <span class='ocrx_word' id='word_1_282' title='bbox 406 3454 479 3510; x_wconf 89' lang='lat' dir='ltr'>duos·</span> <span class='ocrx_word' id='word_1_283' title='bbox 496 3471 605 3510; x_wconf 93' lang='lat' dir='ltr'>menses</span> <span class='ocrx_word' id='word_1_284' title='bbox 626 3455 664 3508; x_wconf 93' lang='lat' dir='ltr'>ita</span> <span class='ocrx_word' id='word_1_285' title='bbox 686 3453 804 3525; x_wconf 88' lang='lat' dir='ltr'>copulat,</span> <span class='ocrx_word' id='word_1_286' title='bbox 831 3463 861 3510; x_wconf 89' lang='lat' dir='ltr'>ut</span> <span class='ocrx_word' id='word_1_287' title='bbox 883 3453 984 3526; x_wconf 90' lang='lat' dir='ltr'>aliquid</span> <span class='ocrx_word' id='word_1_288' title='bbox 1004 3470 1086 3528; x_wconf 92' lang='lat' dir='ltr'>prae-</span> 
     </span>
     <span class='ocr_line' id='line_1_38' title="bbox 68 3536 1087 3612; baseline 0 -17"><span class='ocrx_word' id='word_1_289' title='bbox 68 3538 161 3595; x_wconf 78' lang='lat' dir='ltr'>sertim</span> <span class='ocrx_word' id='word_1_290' title='bbox 184 3539 255 3594; x_wconf 91' lang='lat' dir='ltr'>circa</span> <span class='ocrx_word' id='word_1_291' title='bbox 276 3549 385 3612; x_wconf 89' lang='lat' dir='ltr'>tempus</span> <span class='ocrx_word' id='word_1_292' title='bbox 408 3548 513 3595; x_wconf 89' lang='lat' dir='ltr'>certum</span> <span class='ocrx_word' id='word_1_293' title='bbox 535 3539 656 3595; x_wconf 84' lang='lat' dir='ltr'>accidere</span> <span class='ocrx_word' id='word_1_294' title='bbox 678 3536 730 3593; x_wconf 93' lang='lat' dir='ltr'>illis</span> <span class='ocrx_word' id='word_1_295' title='bbox 752 3537 893 3594; x_wconf 86' lang='lat' dir='ltr'>mensibus</span> <span class='ocrx_word' id='word_1_296' title='bbox 915 3538 993 3605; x_wconf 91' lang='lat' dir='ltr'>dicat,</span> <span class='ocrx_word' id='word_1_297' title='bbox 1017 3556 1087 3596; x_wconf 87' lang='lat' dir='ltr'>con-</span> 
     </span>
    </p>
   </div>
   <div class='ocr_carea' id='block_1_3' title="bbox 68 3614 1087 3772">
    <p class='ocr_par' dir='ltr' id='par_1_4' title="bbox 68 3614 1087 3772">
     <span class='ocr_line' id='line_1_39' title="bbox 68 3614 1087 3708; baseline 0.002 -29"><span class='ocrx_word' id='word_1_298' title='bbox 68 3621 159 3681; x_wconf 86' lang='lat' dir='ltr'>tinuos</span> <span class='ocrx_word' id='word_1_299' title='bbox 182 3640 243 3679; x_wconf 89' lang='lat' dir='ltr'>esse</span> <span class='ocrx_word' id='word_1_300' title='bbox 264 3641 372 3681; x_wconf 87' lang='lat' dir='ltr'>meuses</span> <span class='ocrx_word' id='word_1_301' title='bbox 395 3624 524 3708; x_wconf 81' lang='lat' dir='ltr'>ostendit.</span> <span class='ocrx_word' id='word_1_302' title='bbox 554 3625 593 3680; x_wconf 84' lang='lat' dir='ltr'>lta</span> <span class='ocrx_word' id='word_1_303' title='bbox 615 3640 677 3680; x_wconf 93' lang='lat' dir='ltr'>eum</span> <span class='ocrx_word' id='word_1_304' title='bbox 693 3622 726 3678; x_wconf 90' lang='lat' dir='ltr'>de</span> <span class='ocrx_word' id='word_1_305' title='bbox 740 3621 831 3679; x_wconf 88' lang='lat' dir='ltr'>bobus</span> <span class='ocrx_word' id='word_1_306' title='bbox 845 3624 916 3696; x_wconf 88' lang='lat' dir='ltr'>agit:</span> <span class='ocrx_word' id='word_1_307' title='bbox 940 3614 1087 3702; x_wconf 75' lang='grc' dir='ltr'><em>ἄρχονται</em></span> 
     </span>
     <span class='ocr_line' id='line_1_40' title="bbox 117 3717 933 3772; baseline 0.013 -12"><span class='ocrx_word' id='word_1_308' title='bbox 117 3717 262 3772; x_wconf 72' lang='lat' dir='ltr'>Epiphanius.</span> <span class='ocrx_word' id='word_1_309' title='bbox 282 3718 305 3763; x_wconf 85' lang='lat' dir='ltr'>V.</span> <span class='ocrx_word' id='word_1_310' title='bbox 399 3731 401 3736; x_wconf 94' lang='lat'>·</span> <span class='ocrx_word' id='word_1_311' title='bbox 901 3720 933 3771; x_wconf 86' lang='grc'>10</span> 
     </span>
    </p>
   </div>
   <div class='ocr_carea' id='block_1_4' title="bbox 0 0 1272 4154">
    <p class='ocr_par' dir='ltr' id='par_1_5' title="bbox 0 0 1272 4154">
     <span class='ocr_line' id='line_1_41' title="bbox 0 0 1272 4154; baseline 0 0"><span class='ocrx_word' id='word_1_312' title='bbox 0 0 1272 4154; x_wconf 95' lang='lat' dir='ltr'> </span> 
     </span>
    </p>
   </div>
  </div>
 </body>
</html>
