2534 4154
454 273 530 323 tent
550 272 768 325 Botttutttnnn.
1054 277 1120 323 wli

112 446 199 487 ecum
226 429 340 484 ducere:
370 428 417 500 qui
439 427 467 485 in
488 427 619 485 suburbio
643 426 819 485 Chalcedonis
841 428 875 486 ad
896 427 1031 496 Quereum
1053 445 1121 487 con-

109 513 210 588 gregati
227 514 353 570 loannem
370 513 522 586 depositum
537 513 724 577 declararunt:
748 514 794 570 sed
811 513 919 576 frustra,
942 512 1043 586 populo
1058 530 1119 571 eum

109 599 146 656 uel
173 597 287 655 inuitum
313 598 484 654 restituente.
529 597 595 653 Cum
618 607 708 655 autern
731 605 844 671 propter
867 606 1041 670 “argenteam
1064 607 1122 655 sta-

106 684 195 745 taam”
218 683 308 740 denuo
331 699 442 738 accense
466 692 539 739 asset
554 683 702 756 indignatio
717 683 904 757 imperatricis,
928 683 954 737 in
971 682 1053 741 alteru
1070 700 1122 755 po-

104 777 162 845 *a
184 767 290 841 synodo
313 767 451 823 decretum
474 768 560 824 saneti
582 767 778 831 exsiliumest,
804 785 837 823 eo
859 767 946 825 solum
969 777 1120 840 praetentu,

103 851 177 928 qnod
205 853 348 908 damnatus
376 852 402 907 in
430 853 548 924 synodo,
577 852 680 925 absque
703 852 898 908 numerosioris
920 869 1001 926 quarn
1023 853 1067 909 illa
1089 853 1122 911 ad

103 939 241 1008 Quorsum
263 938 351 993 luerat
372 938 466 1009 synodi
489 937 632 1000 sententia,
655 937 746 994 sedem
770 954 845 995 suant
868 937 1025 1008 recepisset.

191 1024 241 1079 56.
271 1022 310 1077 td
333 1031 482 1077 extremum
505 1022 531 1077 in
553 1022 642 1085 hatis,
667 1031 741 1079 tanto
764 1023 822 1078 iure
844 1021 1031 1094 reprobandis,
1053 1021 1122 1078 dici-

105 1117 148 1164 tur
168 1106 338 1179 Epiphanius
361 1105 519 1162 adhortatus
541 1109 568 1162 in
591 1105 650 1162 navi
672 1124 746 1170 suos,
771 1106 879 1163 sedasse
902 1106 1028 1179 precibus
1051 1116 1122 1163 tem-

104 1200 237 1266 pestatem
261 1191 420 1256 triduanam,
443 1201 525 1263 atque
547 1191 706 1264 exspirasse.
752 1190 832 1247 Cuius
856 1190 990 1247 demortui
1011 1207 1120 1264 corpus,

104 1277 329 1334 circumcisumne
358 1284 446 1340 essct,
476 1275 616 1349 explorare
645 1276 737 1332 volens
766 1276 932 1339 navarchus,
962 1275 1016 1332 ictu
1046 1275 1122 1349 pedis

106 1371 176 1418 retro
207 1370 284 1418 aetus
312 1361 515 1433 exstinctusque
544 1361 576 1416 ad
606 1361 715 1417 cosdem
744 1361 827 1434 pedes
856 1360 960 1434 positus
987 1360 1121 1417 revixerit.

106 1442 226 1520 Cumque
251 1444 433 1501 Constantiam
455 1445 605 1519 appulisset
627 1446 708 1510 navis,
733 1444 860 1502 tenebrae
883 1444 991 1518 quidem
1013 1446 1064 1504 toti
1079 1445 1123 1503 in-

105 1531 250 1588 cubuerint
272 1530 385 1596 civitoth
408 1538 465 1586 tres
488 1539 577 1587 tamen
600 1531 671 1588 caeci
695 1529 798 1588 obviarn
821 1528 968 1602 progressi.
992 1546 1053 1586 curn
1076 1545 1122 1586 re-

105 1615 182 1688 liquis
213 1631 275 1672 sese
297 1631 378 1671 manu
400 1614 573 1680 tenentibus,
601 1615 687 1672 visum
709 1614 878 1688 receperint;
909 1630 1009 1686 eorpus
1032 1621 1122 1673 autent

105 1701 243 1757 conditum
268 1699 349 1757 malle
377 1699 529 1772 prostiterit
551 1700 577 1755 in
601 1699 713 1755 ecclesia
736 1698 831 1757 diebus
853 1698 961 1763 multis,
994 1715 1027 1754 eo
1049 1698 1121 1770 quod

105 1785 244 1857 Longinus
272 1792 299 1842 at
321 1784 465 1842 Petronius
493 1784 613 1848 diaconi,
642 1784 749 1840 haeresi
771 1784 954 1840 Valentiniana
983 1783 1050 1843 clam
1078 1783 1122 1837 in·

106 1870 183 1933 tecti,
213 1869 288 1926 nasas
316 1886 377 1926 essa
405 1869 527 1926 dicerent
555 1869 625 1925 intra
653 1868 786 1926 civitatem
813 1869 841 1924 in
870 1869 983 1924 ecclesia
1014 1867 1122 1941 sepeliri

106 1963 258 2020 mortuum
287 1955 348 2027 quia
377 1962 467 2010 antem
489 1953 605 2026 sepelire
627 1970 689 2011 eum
712 1954 886 2012 nihilominus
909 1952 1062 2011 volentibus
1084 1952 1122 2009 illi

106 2057 132 2096 se
154 2038 341 2114 opponebant,
364 2038 398 2094 ad
420 2038 563 2094 venerandi
587 2039 692 2095 diaconi
713 2037 821 2103 Sabini,
845 2039 1024 2112 Epiphanium
1045 2038 1123 2097 iuvo-

104 2127 199 2190 cantis,
221 2140 333 2198 preces;
360 2123 498 2196 Longinus
521 2123 630 2196 quidem
651 2123 800 2181 conciderit
823 2123 882 2197 ipso
904 2123 965 2180 loco
988 2131 1121 2185 mortuus,

106 2209 249 2267 Petronius
277 2226 358 2273 vero,
387 2209 474 2264 elatus
501 2207 564 2264 inde
586 2207 749 2281 paralyticus
772 2225 802 2264 ac
824 2217 931 2272 mutus,
960 2216 1057 2280 quarto
1080 2206 1123 2265 aie

103 2294 212 2352 obierit.
256 2293 324 2352 Tum
351 2310 414 2350 vero
442 2293 540 2351 missos
564 2292 824 2366 Constantinopolim
852 2292 957 2366 legatos
985 2308 1046 2356 sen,
1076 2290 1123 2362 qni

104 2379 209 2436 Arcadii
231 2378 401 2451 imperatoris
423 2378 589 2435 voluntatem
611 2379 799 2450 exquirerent;
830 2377 873 2435 hic
895 2393 959 2434 vero
982 2393 1029 2431 eos
1051 2375 1123 2435 deti-

105 2465 204 2530 nuerit,
228 2463 314 2520 donee
336 2480 426 2528 suum,
450 2470 480 2519 ut
502 2460 663 2536 appellabat,
686 2469 790 2534 patrem
813 2461 926 2517 luxisset
943 2459 1038 2516 diebus
1054 2476 1123 2532 qtta·

105 2548 241 2623 draginta;
264 2549 350 2621 iisqne
374 2547 486 2621 expletis
510 2546 619 2603 eosdem
642 2545 776 2602 remiserit
791 2562 853 2602 cum
868 2545 984 2620 quodam
1000 2545 1121 2609 Maximo,

105 2633 251 2692 molestum
278 2633 330 2689 sibi
352 2633 510 2689 daemonem
532 2632 748 2688 circumferente.
794 2630 833 2688 Ah
857 2631 910 2688 hoe
931 2639 1037 2696 atatem,
1061 2639 1122 2690 ante

104 2736 212 2776 sacrum
235 2735 334 2791 corpus
355 2726 492 2792 prostrato
515 2734 546 2773 ae
567 2715 691 2781 liberato,
714 2717 811 2773 lectam
833 2715 998 2789 imperialem
1019 2717 1123 2789 episto-

106 2803 173 2869 hm,
203 2820 283 2860 versu
310 2803 431 2859 seeundo
461 2803 500 2859 sic
528 2802 728 2859 continentem:
758 2801 846 2859 “Eum
874 2801 920 2873 qui
951 2801 1014 2857 vixit
1041 2816 1122 2874 supra

106 2899 215 2947 nostras
236 2887 320 2960 leges,
343 2887 470 2944 nolumus
490 2888 578 2944 iacere
594 2886 787 2945 convenienter
801 2887 903 2944 nostris
918 2885 1023 2958 legibus
1033 2885 1057 2951 ;'’
1080 2893 1123 2942 atr

106 2991 158 3046 que
186 2973 224 3029 ita
252 2972 360 3029 demum
386 2973 526 3045 depositus
548 2971 630 3028 luerit
651 2981 762 3029 sanetus
785 2973 811 3026 in
836 2973 914 3028 theca
936 2970 968 3027 ad
990 2970 1016 3027 id
1039 2968 1122 3025 labri·

105 3065 180 3122 oata,
211 3057 291 3131 “ipso
317 3056 378 3114 loco
400 3057 447 3113 uhi
468 3073 551 3130 supra
572 3056 774 3113 Faustinianum
798 3057 931 3114 ceciderat
953 3051 1121 3112 tatorieator,'’

105 3143 201 3217 ntique
223 3141 362 3199 mensibus
383 3141 470 3200 trihus
492 3149 540 3197 aut
561 3151 692 3214 quatuor,
719 3142 790 3199 iunta
813 3142 883 3197 hune
905 3138 1035 3201 sabulum,
1059 3143 1122 3208 post

105 3227 192 3285 macti
214 3235 340 3284 mortem.
371 3226 441 3282 llaec
463 3235 563 3290 autem,
587 3234 617 3283 ut
639 3225 751 3282 indicavi
774 3243 800 3280 n.
820 3228 847 3288 5,
870 3224 981 3295 fingitur
1002 3220 1121 3277 scrihere

105 3311 250 3386 Epiphauii
277 3328 421 3368 successor
442 3310 558 3367 Sabinus
586 3311 620 3367 ad
641 3311 781 3384 Polybium
811 3318 905 3364 octavo
933 3308 975 3362 die
1000 3306 1121 3364 damantis

105 3414 154 3469 pro
178 3396 319 3470 sepultura
341 3396 522 3453 contentionis
548 3396 700 3470 digressum
723 3394 755 3451 ab
777 3392 879 3457 insula,
910 3399 1021 3464 etpost
1043 3390 1121 3447 unius

105 3481 168 3538 anni
190 3498 294 3538 moram
315 3481 344 3538 in
359 3480 503 3546 Thebaide,
527 3490 633 3554 raptum
656 3480 689 3536 ab
713 3476 888 3542 Heracleone,
912 3477 994 3536 totius
1009 3477 1122 3549 Aegypti

107 3566 241 3639 praeside,
265 3566 458 3623 llhinocorurie
479 3575 547 3623 tuno
567 3565 715 3629 habitante,
738 3571 769 3619 ut
791 3570 864 3620 esset
887 3579 944 3618 eius
967 3560 1041 3619 urbis
1063 3563 1122 3634 epi-
