2534 4154
453 313 528 362 hCTb
546 312 766 363 Bottattttmmt.
1029 311 1119 356 mitt

107 475 195 522 autem
218 465 250 521 iis
274 480 305 522 ex
327 483 357 521 se
379 464 486 539 pondus
509 468 622 525 addere:
651 483 686 524 an
707 477 797 524 autem
819 483 912 522 revera
934 482 1033 539 operae
1054 481 1121 538 pre·

106 552 172 608 dum
195 550 277 607 luerit
298 550 483 607 Rabbiuorum
505 554 538 608 de
560 553 660 608 sanctis
681 552 818 608 veteribus
834 551 946 615 somnia,
970 550 1067 623 quibus
1082 549 1121 605 illi

107 653 201 692 omues
231 653 323 692 sacrae
346 637 500 708 Scripturae
528 637 655 693 historias
677 637 892 710 interpolarunt,
921 636 1035 691 veliam
1057 634 1121 690 olim

106 721 220 777 collecta
243 721 344 777 Graece
366 721 514 794 Latineque
536 722 692 785 reddidisse,
719 723 761 777 vel
783 722 809 776 in
831 721 939 777 illorum
960 720 1035 776 libris
1058 720 1123 792 plu-

105 805 181 861 n'bus
205 805 326 878 dispersa
349 806 375 860 in
398 823 482 861 unum
504 806 624 861 libellum
647 807 803 879 collegisse,
833 806 1039 880 prudentiorum
1062 810 1121 860 esto

105 890 250 957 iudicium3
273 890 422 946 curiositati
444 900 518 946 certo
541 899 567 946 et
589 890 763 946 oblectationi
782 892 909 947 nonnihil
926 891 1047 946 serviunt
1059 889 1121 952 ista,

104 992 194 1050 neque
224 975 301 1030 alicui
331 992 431 1030 nocere
459 984 576 1048 possunt
604 975 650 1048 qui
679 979 717 1031 cis
746 977 902 1032 fidemnon
925 992 1049 1048 magnam
1071 975 1123 1029 ha-

71 1087 72 1091 *
104 1059 209 1123 buerit,
239 1060 394 1133 intelligens
423 1077 484 1115 cum
507 1060 657 1133 Theophilo
679 1061 824 1134 Rayuaudo
847 1069 957 1125 nostro,
988 1058 1122 1115 debonis

105 1153 131 1201 ct
152 1145 230 1200 malis
252 1145 328 1199 libris
350 1163 377 1199 u.
396 1147 471 1210 352,
496 1162 590 1200 eorum
613 1145 744 1200 “multam
766 1146 972 1201 mendacitatem
995 1155 1023 1200 et
1043 1143 1123 1199 labu-

104 1227 267 1295 lositatem,'’
290 1228 417 1304 quodque
439 1231 481 1293 lut
502 1231 573 1286 idem
595 1247 623 1284 u.
638 1232 697 1288 348
714 1238 801 1298 notat)
819 1229 966 1285 “Rabbinis
981 1229 1123 1303 proprium

106 1324 201 1387 quarto
232 1315 313 1370 modo
342 1323 385 1370 est
414 1314 541 1379 labulari,
570 1324 598 1371 et
626 1332 695 1388 quae
717 1332 855 1388 uunquam
877 1315 988 1370 luerunt
1010 1321 1122 1370 eruutve

106 1416 239 1474 unquam,
263 1408 390 1472 tanquam
412 1417 474 1454 vera
496 1417 666 1473 proponere,
695 1400 762 1455 adeo
785 1417 875 1455 crasse
898 1417 928 1455 ac
950 1399 1063 1463 stolide,
1092 1405 1144 1453 ut‘

106 1501 138 1540 ne
159 1483 262 1556 ingenii
286 1485 393 1555 quidem
416 1486 484 1539 mica
508 1484 726 1557 deprehendatur
743 1485 768 1539 in
786 1484 1012 1540 comminiscendo
1029 1483 1123 1538 dextre

107 1577 132 1624 et
153 1568 288 1642 apposite,
311 1568 493 1642 lingendoque
516 1568 694 1642 probabiliter
712 1578 739 1626 et
755 1579 816 1642 apte
832 1570 864 1624 ad
879 1567 1122 1642 persuadendum’.

108 1653 237 1710 Convenit
258 1653 380 1727 prolecto
404 1672 458 1709 non
482 1664 536 1709 tam
559 1655 730 1711 considerare
754 1654 813 1727 quis
837 1654 901 1729 quid
919 1653 1066 1726 scripserit,
1090 1651 1123 1707 de

106 1737 136 1793 iis
167 1755 236 1810 quae
268 1748 330 1793 ante
359 1738 530 1811 longissimas
553 1748 657 1794 aetates
686 1749 744 1794 acta
769 1740 906 1803 feruutur,
938 1738 1018 1793 certis
1042 1736 1123 1792 nullis

107 1833 245 1879 auctorum
270 1841 430 1878 coaevorum
453 1824 636 1879 monumentis
660 1833 770 1890 testata3
795 1825 841 1882 sed
860 1841 929 1898 quos
945 1823 1025 1878 luerit
1041 1824 1124 1887 duces

107 1907 131 1962 iu
159 1907 304 1963 scribendo
332 1916 458 1974 secutus;
487 1909 515 1964 hi
543 1918 648 1974 autem,
678 1909 705 1964 in
734 1926 765 1964 eo
788 1909 860 1982 quod
884 1909 1017 1980 tangimus
1041 1924 1125 1980 argu-

106 2001 206 2056 mento,
230 1993 274 2047 alii
297 2009 376 2067 quam
398 1992 513 2048 llabbini
535 2011 590 2049 uon
612 1993 731 2058 luerunt,
754 1993 827 2068 iique
842 2011 905 2049 vcro
921 1994 1044 2049 similiter
1057 1993 1123 2048 llic-

107 2067 298 2150 rosolymitano
323 2078 425 2133 excidio
447 2079 613 2150 posteriores
636 2096 740 2135 omnes.

192 2164 241 2220 59.
280 2161 421 2227 Ceterum,
446 2163 508 2235 quia
530 2162 599 2218 liber
620 2164 744 2236 vulgatus
767 2163 817 2219 sub
841 2163 949 2218 nomine
973 2160 1123 2235 Epiphauii,

106 2247 222 2320 primum
252 2247 387 2320 superiori
416 2249 525 2303 saeculo
554 2249 647 2304 Latine
676 2249 730 2322 legi
754 2249 860 2321 coepit,
890 2248 986 2302 merito
1010 2263 1125 2318 praesu-

106 2341 217 2387 muntur
239 2332 386 2405 scriptores
408 2333 494 2387 Latini
517 2335 674 2406 praesertim
698 2334 715 2388 ii
738 2350 806 2406 quos
830 2333 956 2388 Graecam
980 2330 1125 2386 nescivisse

107 2425 222 2481 constat,
246 2416 309 2470 dum
332 2417 431 2490 aliquid
456 2418 587 2473 eiusmodi
610 2419 642 2473 de
664 2418 731 2490 legis
755 2418 879 2490 antiquae
898 2415 1039 2489 prophetis
1056 2413 1125 2468 scri-

107 2499 195 2557 bendo
218 2501 377 2574 attigerunt,
401 2519 455 2557 uon
478 2503 552 2558 illum
576 2501 625 2558 sub
649 2503 757 2557 nomine
780 2501 925 2574 Epiphania
944 2500 1053 2564 librum,
1076 2497 1124 2554 sed

106 2587 187 2642 alium
209 2584 261 2642 sub
282 2586 391 2642 nomine
415 2587 443 2642 S.
459 2587 597 2652 Dorothei,
622 2587 713 2642 Latine
737 2588 864 2643 duntaxat
879 2595 1036 2649 exstantem,
1060 2601 1124 2658 prae

107 2671 191 2727 oculis
213 2670 351 2743 babuisse,
375 2681 457 2745 prout
478 2673 505 2727 iu
530 2680 644 2728 tractatu
661 2672 694 2727 dc
708 2672 738 2727 B.
754 2671 864 2727 hlherto
880 2671 1124 2744 hierosolymitano

106 2756 137 2812 ad
160 2755 293 2828 8Aprilis
315 2755 437 2812 indicavi.
467 2757 515 2813 llic
538 2766 627 2812 autem
649 2756 733 2822 liber,
756 2757 841 2812 multo
865 2758 940 2830 prius
964 2766 990 2812 et
1013 2755 1124 2819 certius,

107 2858 185 2916 quam
208 2840 277 2895 alter
300 2841 344 2896 ille
365 2841 524 2914 Epiphanio,
549 2843 714 2898 adiudicatus
738 2842 875 2897 Dorotheo
898 2842 957 2907 luit,
981 2842 1070 2896 statim
1094 2856 1125 2895 ac

107 2943 154 2998 per
177 2926 384 2998 impressionem
407 2926 493 2981 lactus
516 2936 558 2982 est
581 2927 664 2999 magis
688 2926 788 3000 publici
810 2927 890 2982 iuris:
915 2927 1058 3000 Synopsim
1081 2926 1125 2979 iu-

107 3011 197 3083 telligo
224 3010 266 3064 De
294 3012 353 3065 cito
382 3018 407 3066 et
429 3020 516 3066 morte
539 3014 740 3084 apostolorum·
759 3012 963 3084 prophetorum
985 3029 1019 3066 oo
1042 3010 1124 3065 disci·
1160 3043 1164 3048 ν

104 3097 236 3167 potorum
257 3095 385 3160 Domini,
410 3114 479 3170 quae
502 3095 552 3152 sub
576 3097 706 3152 Dorothei
728 3097 837 3151 nomine
860 3114 957 3151 excusa
979 3096 1043 3158 luit,
1068 3103 1125 3149 tum

107 3180 221 3236 seorsim
250 3187 307 3234 tum
335 3182 362 3234 in
387 3180 557 3237 bibliothecis
587 3190 708 3237 veterum
730 3181 856 3248 Patrum3
887 3183 956 3236 hauc
979 3180 1064 3242 euim,
1094 3187 1125 3232 ut

106 3265 209 3321 notavit
231 3264 387 3330 Labbaeus,
419 3265 489 3320 “iam
518 3265 622 3339 pridem
649 3275 680 3322 ut
702 3265 798 3321 fabulis
821 3266 947 3320 refertam
969 3263 1125 3334 nulliusque

106 3350 177 3423 apud
200 3350 296 3405 doctos
319 3350 496 3414 auctoritatis,
519 3351 599 3407 obelo
615 3351 732 3406 fixerunt
747 3351 877 3415 llolanus,
901 3349 1039 3412 Bacchius,
1064 3347 1126 3401 Del-

106 3435 235 3490 larmiuus
265 3443 292 3490 et
320 3434 363 3490 alii
387 3434 531 3501 Catholici,
563 3435 661 3510 quibus
690 3435 849 3491 heterodoxi
872 3433 1124 3506 subscripseruut'’:

104 3530 133 3575 ut
156 3520 190 3575 de
214 3519 365 3592 Theophila
382 3521 533 3593 >Raynaudo
558 3530 667 3584 taceam,
692 3521 768 3576 cuius
791 3519 888 3575 iudicio
911 3519 981 3575 liber
1004 3528 1045 3576 est
1062 3519 1126 3573 “in-

106 3604 219 3670 lantilis,
249 3614 357 3685 scatens
385 3605 514 3661 labulosis
543 3605 769 3662 narrationibus’¹.
815 3605 1001 3673 Quibuscum
1024 3604 1125 3660 similes
