2534 4154
599 320 712 368 PETthl

350 525 392 579 All
418 524 583 580 annuusm
605 525 715 580 XXXVII
741 525 946 581 OPHlTARUll.

229 646 282 701 ’271
306 661 329 698 a.
360 627 399 716 ἦν
421 633 548 718 ἑρπετὸν
570 632 782 719 ὃᾶνθρωπος]
809 645 882 712 Quae
899 645 931 699 de
947 645 1088 701 hominum
1106 647 1163 702 ori-

142 731 203 802 gine
226 731 371 784 commenti
394 739 457 783 sunt
481 729 557 785 ethi
580 738 607 784 et
623 729 813 785 Gnosticorum
837 730 968 802 plerique,
993 747 1024 784 ex
1039 740 1162 786 veterum

142 814 369 886 Philosophorum
393 813 565 886 opinionibus
588 822 740 878 manarunt,
765 814 798 869 cle
822 814 921 888 quihus
938 814 1081 880 Diodorus,
1106 816 1164 871 llu-

143 899 234 955 sebius
262 902 271 954 l
299 899 332 953 de
354 899 449 970 Praep.

131 984 145 1006 ⁴
228 975 287 1040 272
304 983 331 1038 b.
363 979 412 1037 καὶ
434 978 633 1058 πανουργίαν]
659 983 720 1039 Cor.
744 974 822 1038 κατὰ
844 1001 913 1038 παν.

101 1080 131 1130 76
229 1071 287 1125 274
305 1070 330 1124 cl.
363 1061 464 1144 ἕτερον
483 1059 575 1122 πάλιν
590 1061 647 1140 ἔχει
664 1058 901 1144 φρονιμότητος]
926 1067 1016 1122 Ambr.
1031 1068 1120 1123 Serm.
1133 1069 1160 1124 iu

147 1155 240 1210 Fen‘l
265 1153 456 1226 postllom.l.
491 1153 589 1220 unaue
613 1153 735 1223 Serpens
767 1170 828 1207 cum
856 1155 963 1207 uenerit
992 1155 1030 1207 ad
1059 1155 1156 1209 hiben-

141 1241 204 1293 dum
233 1255 350 1310 aquam,
376 1239 545 1309 priusquam
567 1238 653 1301 bibat,
677 1247 759 1292 astra
785 1239 890 1308 sontem
906 1239 1007 1292 eoornc't
1021 1255 1160 1294 uenenum

140 1340 219 1378 suam
242 1331 267 1378 et
286 1331 387 1395 postea
410 1323 486 1378 bibit.
517 1323 563 1376 lta
586 1331 610 1377 et
632 1339 683 1376 nos
706 1325 818 1393 quando
842 1325 880 1377 aa
894 1325 987 1378 altare
1009 1322 1062 1378 Dei
1085 1340 1160 1378 corn-

139 1410 311 1464 manicatari
344 1408 516 1470 accedimus,
549 1409 721 1478 deponamus
754 1424 889 1461 uenenum
909 1409 1071 1479 pessimum,
1096 1419 1149 1464 etc.

347 1628 388 1682 nu
414 1627 579 1682 llhERESlN
606 1627 727 1682 XXXVlll
752 1626 956 1682 unlnuuuull.

229 1747 330 1803 asad.
367 1739 475 1811 καθώς
501 1727 539 1819 ἦν
566 1740 632 1819 περὶ
663 1735 758 1800 αὐτοῦ
785 1739 1003 1821 γεγραμμένον]
1043 1745 1162 1802 Tametsi

143 1833 208 1885 haec
238 1849 269 1885 cx
292 1831 365 1885 llatt.
384 1833 420 1886 27
454 1830 541 1903 capite
571 1831 732 1902 sumpserit,
762 1830 808 1884 ubi
832 1831 978 1885 Hieremias
1001 1830 1162 1886 nominatim

142 1915 280 1977 laudatur,
305 1923 383 1969 caute
406 1923 495 1969 tamen
518 1909 549 1969 ἓν
570 1917 635 1980 τοῖς
649 1909 834 1991 Προφήταις
856 1915 929 1979 dixit,
954 1915 1027 1987 quocl
1050 1917 1095 1970 hic
1118 1917 1162 1971 lo-

143 2017 190 2054 cus
219 1999 289 2071 apucl
312 1998 473 2054 Hieremiam
503 2016 558 2053 non
588 2008 668 2054 extat.
714 1999 873 2072 Suspicatur
896 1999 994 2055 Euseh.
1019 2000 1085 2056 tto
1109 2001 1164 2076 τῆς

136 2076 284 2150 ³Arcocl'al‘g.
310 2084 390 2148 haee,
417 2101 485 2156 quae
508 2083 675 2155 Euangelista
699 2093 907 2148 commemorat,
931 2085 1001 2156 apud
1025 2085 1164 2141 leremiam

142 2169 204 2223 olim
228 2169 305 2232 lecta,
330 2168 377 2223 sed
400 2186 413 2223 a
437 2168 541 2222 ludaeis
564 2167 682 2223 detracta
705 2169 797 2232 luisse,
821 2178 868 2223 aut
883 2187 933 2241 pro
949 2170 1093 2224 Zachariae
1110 2188 1163 2226 uo-

142 2255 212 2308 mine
236 2254 374 2308 leremiam
396 2253 568 2308 librariorum
601 2253 742 2326 irrepsisse
765 2253 853 2325 eulpa.
899 2255 928 2307 ln
954 2254 1027 2326 (priori
1050 2264 1161 2326 postre-

142 2356 215 2393 mum
236 2339 321 2412 magis
343 2339 453 2394 inclinat
475 2338 585 2393 Hieron.
609 2338 782 2394 subleuat
809 2338 859 2393 etsi
882 2339 909 2392 in
926 2338 1076 2394 hieremiae
1092 2358 1161 2413 apo-

141 2425 242 2497 crypho
267 2423 382 2496 quoxlam
406 2425 472 2479 haec
495 2422 659 2478 allatthaeo
683 2424 762 2478 citata
778 2441 807 2478 se
823 2423 921 2496 legisse
938 2423 1045 2478 reserat.
1071 2425 1160 2492 Quare

139 2509 281 2563 videndum
305 2526 338 2563 an
361 2509 387 2563 in
412 2510 503 2564 coelice
526 2525 576 2563 suo
600 2502 631 2562 ἓν
655 2510 719 2574 τοῖς
735 2499 920 2584 Προφήταις
942 2507 1069 2564 habuerit
1095 2510 1161 2582 Epi·

139 2593 264 2664 pharius,
288 2610 342 2648 non
361 2593 511 2648 llieremiae
533 2592 702 2647 vocabulum.
734 2592 786 2647 Seu
810 2592 938 2647 nonnulla
962 2593 1039 2648 aliter
1060 2603 1160 2666 protu-

140 2677 171 2731 lit
191 2693 270 2748 quam
293 2678 363 2748 apud
379 2678 543 2733 llatthaeum
566 2685 612 2732 aut
635 2678 787 2732 Zachariam
811 2678 993 2750 reperiuntur.
1038 2677 1118 2733 Velut
1134 2674 1161 2733 εἶ

142 2751 258 2815 δίκαιόν
286 2755 367 2816 ἔστιν
393 2755 496 2834 ὑμῶν,
525 2779 575 2834 pro
604 2779 657 2834 quo
680 2762 745 2817 LXX
768 2758 794 2817 εἷ
816 2755 909 2817 καλόν
931 2757 1012 2818 ἔστιν
1033 2755 1160 2818 ἐνώπιον

141 2838 236 2917 ὑμῶν.

225 2923 273 2983 καὶ
296 2920 388 2984 πάλιν
409 2923 440 2984 ἓν
462 2919 547 3007 ἄλλῳ
568 2923 736 3005 Προρήτῃ]
773 2931 884 2985 Frustra
913 2931 992 2986 alium
1023 2932 1067 2986 hic
1090 2933 1161 2988 Pro-

140 3016 249 3087 phetam
273 3031 331 3069 esse
355 3014 431 3078 (licit,
464 3031 526 3070 cum
549 3014 584 3069 sit
605 3014 676 3069 idem
698 3014 742 3069 ille
772 3015 817 3088 qui
840 3015 961 3086 proxime
985 3017 1082 3072 citatus
1105 3025 1157 3081 est,

141 3100 289 3163 Zacharias,
323 3099 395 3173 quod
419 3099 451 3153 acl
474 3100 625 3170 posteriora
648 3098 729 3154 verba
752 3108 865 3172 spectat.
911 3101 977 3156 Nam
999 3102 1089 3173 priora
1115 3101 1159 3159 illa
1199 3133 1201 3136 <

140 3180 189 3239 καὶ
213 3179 331 3241 ἔδωκαν
352 3176 386 3239 τὸ
409 3175 555 3259 ἀργύριον
576 3175 631 3257 τὴν
653 3178 743 3258 τιμὴν
759 3185 812 3240 τοῦ
828 3181 1026 3258 ’τετιμημένου
1042 3203 1074 3241 ex
1093 3187 1156 3242 llat.

141 3271 281 3342 desumpta
304 3269 373 3342 apud
398 3270 550 3324 Zachariam
573 3286 627 3324 non
651 3278 750 3325 extant.
782 3271 924 3326 Postremo
947 3289 996 3343 pro
1018 3263 1079 3326 ὑπὸ
1097 3272 1159 3327 τῶν

141 3348 215 3410 υἱῶν
237 3355 301 3409 LXX
323 3347 409 3430 ὑπέρ,
433 3353 515 3409 llebr.
540 3351 673 3415 nahra.
705 3355 783 3427 Yulg.
807 3373 825 3409 a
847 3357 923 3427 filiis.

227 3441 286 3496 283
304 3439 328 3494 d.
372 3439 425 3495 τοῦ
455 3431 654 3514 βουπρήστου
683 3430 856 3513 κανθάρου]
893 3440 1017 3494 Aelianus
1049 3441 1160 3503 6,35.

141 3523 207 3577 Plin.
227 3527 274 3587 30,
293 3527 320 3580 4.
344 3524 490 3596 Baprestis
514 3525 621 3579 animal
643 3531 683 3578 est
705 3542 802 3579 rarum
825 3524 964 3588 cultello,
988 3525 1160 3580 simillimam

140 3610 295 3662 scarabaeo
319 3610 468 3680 lonaipedi.
499 3609 587 3664 Fallit
608 3610 681 3663 inter
702 3609 805 3664 herhas
822 3612 917 3664 hooern
932 3611 1062 3673 maxime,
1085 3613 1160 3666 ααάο
