2534 4154
167 321 232 388 178
626 336 740 387 eertvn
770 348 779 393 .·

169 509 280 559 omnem
308 507 426 568 quorum
448 491 602 548 testimonia
624 509 639 546 a
661 490 807 548 Catholicis
829 490 1014 565 Scriptorihus
1035 489 1201 548 iamdudum

168 577 291 634 studiose
314 577 428 634 collecta
450 586 523 632 sunt.
554 577 609 634 Sed
625 576 737 633 eximius
753 585 835 650 atque
850 576 981 651 imprimis
997 575 1128 632 disertus
1140 579 1200 644 est,

130 712 147 719 ..
166 661 217 736 qui
244 661 310 718 rnihi
339 662 409 718 forte
431 678 504 718 nuno
526 662 645 719 occurrit
668 660 814 718 Clementis
836 661 965 717 Alexand
987 659 1064 717 locus
1088 660 1196 718 Strum-

163 746 193 804 Ι1.,
203 749 233 804 4.
262 739 456 821 Μελχισεδὲκ
476 740 622 818 βασιλεῦς
642 741 744 820 Sosidi
745 766 771 817 ι,
800 765 816 803 o
805 737 937 846 ‘iapida
957 746 1014 802 τοῦ
1034 744 1114 801 θεοῦ
1135 744 1200 802 eof

166 823 319 905 ὖψίστου·
341 823 359 889 ὃ
380 822 434 889 τὸν
456 821 538 887 οἶνον
559 849 609 885 και
631 825 685 887 τὸν
706 823 802 908 ἄρτον
815 823 1070 907 τὴνῆγιασμένην
1085 823 1202 898 διδοὺς

165 910 289 1015 ,τροφὴν
309 912 352 984 εἰς
371 907 468 972 τύπον
488 908 706 1018 Εὖχαριστίας.
735 916 800 973 Vide
822 919 938 989 August.
961 914 1047 989 Epist.
1064 916 1115 973 95
1181 928 1186 955 -¹

164 1040 168 1045 -
254 1020 270 1058 o
259 992 328 1058 δὲ
349 1018 405 1057 τοι)
391 992 567 1076 Ἀβραὰμ
587 994 702 1079 πατήρ]
734 1000 813 1069 Quod
826 1000 990 1057 Abraamum
1006 1016 1078 1056 anno
1089 999 1199 1058 aetate

57 1109 59 1113 ·
164 1102 234 1143 suae
259 1088 297 1145 to
320 1087 447 1160 genuerit
469 1086 557 1142 Thare
579 1085 681 1142 diserte
698 1085 839 1160 Scriptura
861 1085 950 1149 docet,
973 1102 1004 1141 ac
1026 1084 1205 1158 tergiverser»

30 1178 35 1197 ⁸
166 1170 271 1228 tionem
296 1188 405 1228 omnem
427 1171 554 1227 excludit,
597 1170 653 1227 Nec
675 1171 753 1227 aliter
775 1170 950 1227 vetustissimi
972 1170 1074 1245 quique
1096 1169 1218 1229 Patm'

169 1272 231 1313 eum
251 1255 343 1314 locum
365 1256 536 1330 interpretati
558 1263 631 1319 sunt,
654 1263 686 1312 ut
707 1255 748 1313 vei
764 1256 917 1312 contrariae
931 1254 1067 1328 opinionis
1082 1252 1200 1327 pattoni

164 1339 247 1397 datori
268 1349 420 1414 coguntur,
446 1341 495 1416 qui
516 1348 612 1397 contra
633 1339 714 1396 Musis
737 1340 946 1405 authoritatem,
976 1356 1032 1396 non
1056 1341 1112 1404 to,
1143 1337 1200 1396 sed

170 1427 239 1483 130.
271 1426 359 1482 There
382 1443 453 1482 anno
476 1434 569 1482 natum
589 1424 776 1482 Putriarcham
798 1425 924 1482 videntur
944 1440 1078 1481 asserere.
1109 1422 1201 1481 vidc-

166 1509 222 1568 rint
243 1509 298 1576 iili‚.
314 1528 395 1584 quam
418 1519 493 1566 recte
515 1519 557 1566 tot
572 1510 755 1576 saeculorum,
779 1510 902 1583 adeoque
917 1510 970 1565 PP.
987 1509 1108 1565 omnium
1123 1525 1199 1565 eon·

102 1620 115 1643 ο
166 1610 278 1671 sensum
300 1595 454 1669 repudient.
483 1594 538 1651 Nos
561 1611 630 1667 quae
652 1595 685 1652 ah
708 1595 760 1652 illis
783 1604 962 1669 opponuntur
975 1593 1043 1651 tanti
1059 1610 1122 1651 esse
1135 1592 1200 1650 nod

163 1680 311 1744 credimus,
335 1689 368 1736 ut
388 1687 536 1754 propterea
557 1679 649 1736 ducere
672 1680 784 1737 meridie
805 1680 960 1754 negandum
982 1679 1027 1735 sit.

252 1765 306 1819 lant
334 1782 398 1821 vero
427 1765 478 1820 hae
506 1765 532 1820 in
561 1766 768 1838 generationum
795 1765 979 1838 descriptione
1001 1762 1114 1820 nonai)
1136 1763 1199 1823 He-

114 1847 265 1905 222hraicis
286 1848 367 1904 modo
384 1848 520 1913 ¹,fontibus
543 1850 591 1904 sed
614 1850 694 1906 etiarn
716 1851 822 1906 atxx
826 1850 971 1907 seniorum
986 1849 1118 1914 numeris,
1142 1865 1201 1905 cu·

167 1932 284 1990 iusmodi
305 1933 400 1990 hodie
409 1941 509 1997 extant,
525 1933 634 1990 aberrat
649 1934 824 2008 Epiphanius.
855 1934 930 1991 haho
945 1934 990 1991 hie
1005 1932 1200 1992 Hebraeorum

167 2033 199 2073 ao
214 2016 379 2114 Graecorum
401 2017 509 2083 seriem,
533 2028 564 2075 ut
587 2035 656 2092 quac
678 2019 847 2076 observanda
868 2029 933 2076 sunt
954 2018 1058 2075 facilius
1073 2018 1200 2094 quisque
