2534 4154
469 351 760 421 aninlnvmsmnes.
1058 341 1120 404 293

103 511 205 586 nuptiis
228 509 370 571 interesse,
394 525 429 564 ne
450 508 604 582 praesentia
626 525 675 564 sua
696 507 748 564 illis
766 506 907 582 suffragari
922 508 1052 567 videatur.
1081 512 1124 569 Ad

103 599 171 654 baec
186 598 326 668 Ancyrana
341 592 466 667 Synadus
483 592 593 651 Can.19
610 591 695 659 iubet,
719 601 750 671 pt
766 593 812 667 qni
828 593 1017 668 virginitatem,
1039 612 1120 669 quarn

104 682 160 739 lieo
184 678 396 754 spoponderant,
420 677 559 743 violarint,
583 679 691 743 eadem,
715 694 768 752 qua
791 676 909 752 bigami,
932 697 1019 753 poena
1042 687 1179 743 ectr-att

105 775 227 824 ceantur.
265 768 385 837 Apparet
407 763 490 836 igitur
511 763 632 837 digamos
654 762 718 819 alini
740 763 887 836 ignominia
909 773 1017 821 natatus
1040 774 1068 822 et
1089 766 1123 822 ad

104 851 240 928 publicam
268 848 477 922 poenitentiam,
507 849 555 904 sed
583 865 641 904 eam
669 846 828 921 perbrevem
851 865 881 904 ac
905 849 1125 916 tolerabiliorem,

104 936 250 994 adstrictas
272 934 365 989 inisse.
401 933 455 988 lam
478 949 559 1006 supro
583 932 695 988 vidimus
718 949 798 1005 qnam
821 950 912 989 severa
937 934 1046 991 Concilii
1068 935 1125 991 Eli-

103 1020 222 1078 beritani
250 1018 354 1074 sanctio
382 1017 479 1083 luerit,
500 1029 569 1073 'curn
590 1017 617 1073 in
645 1017 782 1091 praesenti
815 1019 946 1092 naufragii
974 1021 1125 1096 martisque

103 1105 228 1182 periculo
250 1121 264 1158 a
287 1119 460 1176 quocumque
474 1101 610 1175 baptizari
633 1101 773 1176 permittit,
797 1101 909 1176 digamis
932 1104 1060 1161 duntaxat
1076 1122 1126 1161 ex-

105 1190 202 1264 ceptis.
233 1189 286 1245 Sed
309 1187 483 1243 nibilominus
505 1189 531 1241 in
547 1187 694 1243 Ecclesiam
717 1187 819 1259 recepti
841 1196 906 1243 surrt
923 1188 1018 1262 digami
1035 1199 1063 1245 at
1078 1190 1126 1263 qui

104 1293 168 1333 eum
196 1275 228 1330 iis
255 1273 454 1328 communicare
482 1270 587 1328 nollent
608 1289 658 1345 pro
681 1271 828 1328 Haereticis
850 1271 945 1329 habilia
989 1274 1055 1342 llinc
1077 1275 1127 1331 rti-

106 1348 221 1418 oaenum
244 1357 308 1414 Gan.
326 1359 343 1415 8
367 1374 429 1414 cum
445 1355 596 1413 Novatianis
613 1356 761 1413 Haereticis
783 1356 961 1429 professionis
983 1358 1127 1415 formulam

104 1443 280 1520 praescribit,
304 1441 452 1498 secundum
475 1458 555 1515 quarn
577 1451 703 1514 receptus
726 1441 777 1497 illis
800 1441 832 1496 ad
855 1441 1000 1499 Ecclesiam
1023 1451 1125 1516 pateat,

105 1520 167 1607 πρὸ
188 1521 312 1584 πάντων
334 1521 367 1582 δὲ
389 1527 490 1594 τοῦτο,
514 1526 610 1600 inquit,
634 1519 820 1602 ὁμολογῆσαι
840 1519 952 1594 αὐτοὺς
966 1522 1128 1606 ἐγγράφως

105 1606 267 1691 προσήκει,
301 1601 346 1668 ὅτι
379 1604 587 1686 συνθήσονται
622 1607 671 1666 καὶ
706 1603 954 1686 ἀκολουθήσουσι
980 1615 1045 1679 τοῖς
1071 1614 1127 1688 τῆς

106 1696 276 1772 emboliaria
298 1694 346 1752 καὶ
366 1689 570 1770 ἀποστολικῆς
584 1692 744 1770 ἐκκλησίας
759 1688 901 1772 δόγμασι,
923 1691 1059 1754 τουτέστι
1075 1693 1126 1753 καὶ

106 1777 248 1860 ὃτγάμεις
269 1783 422 1837 κοινωνεῖν
443 1776 492 1836 καὶ
514 1783 578 1847 τοῖς
599 1776 630 1836 ἓν
645 1781 687 1860 τῷ
703 1776 827 1860 διωγμῷ
841 1775 1127 1858 παραπεπτωκόσιν.

105 1868 178 1926 alate
200 1869 294 1923 amaia
316 1867 421 1938 sarapta
440 1867 570 1940 profiteri
591 1866 656 1925 ilios
679 1874 795 1941 oportet,
818 1883 1003 1923 commoror
1029 1885 1060 1924 se
1081 1875 1127 1924 at·

106 1970 160 2028 qne
182 1955 361 2026 amplecteres
385 1951 547 2008 Catholicae
570 1959 596 2006 et
618 1951 795 2026 Apostolicoa
809 1951 955 2008 Ecclesiae
977 1955 1125 2025 deperata:

105 2039 240 2096 ainornm
265 2046 296 2093 nt
323 2053 385 2091 corn
407 2038 526 2108 dipamia
548 2038 755 2102 communicarat,
776 2038 881 2110 iisqne,
910 2039 959 2110 qai
979 2039 1010 2094 in
1028 2055 1130 2111 perae-⁴
1221 2068 1224 2073 ·

106 2125 219 2181 cutione
246 2123 323 2194 tapsi
349 2128 423 2177 sant.
467 2121 521 2178 Sed
543 2121 651 2195 quinam
674 2121 772 2196 digami
794 2121 831 2178 illi
853 2122 954 2180 luerint
975 2123 1126 2194 quaeritur.

106 2210 174 2267 Nam
196 2206 407 2265 Iurisconsultus
429 2206 547 2281 quidam,
570 2207 616 2281 qui
639 2207 665 2262 in
690 2207 827 2263 Canonnm
849 2205 984 2262 Ecclesiae
1005 2207 1127 2265 codicem

107 2295 191 2352 Notas
220 2292 318 2356 edidit,
348 2291 429 2364 vulga
451 2292 507 2347 lere
529 2291 652 2364 ignotum
675 2309 738 2348 esse
757 2290 832 2348 dicit.
875 2291 936 2364 lpse
957 2300 1047 2347 autem
1070 2300 1128 2349 tres
1165 2302 1175 2320 ‘

108 2379 239 2454 digamiae
262 2377 366 2451 species
380 2374 512 2448 explicat.
549 2375 637 2431 Prima
660 2385 712 2439 est,
735 2391 798 2437 cum.
820 2375 915 2431 eodeni
939 2385 1061 2449 tempore
1083 2375 1128 2431 bi·

107 2481 157 2521 nas
179 2479 278 2519 uxores
298 2460 431 2537 quispiam
454 2459 544 2524 babet,
568 2459 643 2534 quod
665 2459 727 2516 olim
744 2458 849 2515 ludaeis
865 2459 977 2524 licitum,
1000 2460 1128 2519 Romanis
1195 2488 1199 2495 ¹

107 2547 214 2623 legibus
242 2545 409 2621 prohibitum
439 2544 498 2601 luit.
540 2544 633 2601 ,Altera
661 2553 703 2600 est
728 2561 790 2599 oum
818 2543 880 2616 quis
911 2553 999 2600 morte
1029 2546 1131 2618 prioris

108 2633 232 2706 coniugis
255 2631 345 2688 soluto
368 2629 549 2694 matrimonio,
574 2629 706 2707 secundas
729 2627 837 2701 nuptias
853 2629 998 2686 contrabit.
1029 2629 1128 2700 Tertia,

108 2735 190 2793 quam
213 2717 292 2790 vulgo
315 2716 434 2789 ignotam
457 2732 518 2770 esse
541 2713 644 2779 statuit,
669 2721 719 2776 est,
743 2729 805 2768 cum
821 2722 894 2771 entra
910 2731 1033 2773 cerassem
1047 2718 1129 2775 adtal-

108 2804 181 2867 terii,
204 2801 344 2875 repudiata
366 2799 491 2874 coniuge,
514 2799 598 2856 altera
613 2797 843 2872 superinducitur.
872 2799 939 2856 Cum
955 2801 1027 2862 enirn
1042 2802 1130 2860 variae

108 2887 215 2946 divortii
243 2902 355 2943 caussae
382 2885 448 2941 citra
476 2883 637 2940 adulterium
665 2882 766 2940 saeculi
788 2882 894 2958 legibus
917 2884 980 2942 olim
1003 2896 1129 2961 receptae

107 2973 224 3038 fuemnt,
248 2987 386 3043 nunquam
408 2970 527 3026 Ecclesia
550 2969 608 3025 illas
631 2968 746 3025 admisit.
792 2969 923 3038 Quocirca
945 2971 992 3043 qni
1014 2972 1072 3028 aliis
1095 2973 1128 3029 de

108 3057 213 3115 caussis
235 3073 315 3129 quam
338 3065 451 3129 propter
472 3053 643 3118 adulterium,
667 3071 751 3111 uxore
777 3053 895 3119 dimissa,
919 3071 980 3111 cum
995 3055 1044 3111 alia
1061 3073 1131 3112 εοε-

109 3142 213 3216 iugium
236 3140 361 3204 sociaret,
385 3140 438 3204 hic,
461 3140 498 3195 ait
512 3139 724 3197 Iurisconsultus
740 3138 794 3204 ille,
818 3138 941 3212 digamus
955 3139 1128 3206 censebatur,

110 3227 192 3302 eique
215 3225 348 3283 canonica
370 3223 414 3279 illa
436 3223 544 3289 mulcta,
568 3224 646 3280 cuins
667 3223 828 3280 Neocaesar.
853 3232 880 3280 et
900 3222 1009 3281 laodic.
1032 3228 1132 3282 memi-

110 3321 220 3376 nerunt,
244 3309 424 3383 irrogabatur.
469 3307 580 3385 Exque
603 3309 725 3365 oratione
748 3307 888 3380 seqnitur,
910 3308 1035 3381 digamas
1056 3311 1129 3376 illos,

109 3396 158 3474 qui
179 3405 285 3453 mortua
308 3393 428 3466 coniuge
445 3392 523 3449 alteri
545 3410 574 3450 se
597 3393 765 3467 copularent,
787 3393 904 3450 mulctae
926 3392 1008 3449 huius
1030 3411 1132 3469 exper-

110 3492 152 3540 tes
175 3481 268 3538 luisse.
313 3479 366 3536 Sed
389 3478 456 3534 baec
478 3477 608 3549 digamiae
630 3493 729 3551 genera
751 3476 801 3532 tria
824 3494 912 3551 neque
934 3478 1026 3548 ignata
1048 3480 1132 3555 vulgo
1229 3489 1232 3495 '

110 3575 199 3632 erant,
223 3563 367 3640 nequead
391 3581 447 3621 rem
469 3562 616 3636 pertinent.
651 3561 816 3634 Constatque
839 3562 872 3619 ad
893 3569 1047 3637 postremos
1062 3566 1134 3623 »illae

111 3653 234 3726 &emas
262 3659 321 3712 tres
346 3649 408 3707 illos
440 3647 552 3707 totidem
565 3646 755 3707 ,Caecilianam
778 3647 876 3707 citatos
898 3647 1021 3726 Emanas
1043 3652 1133 3726 perti*
