2534 4154
484 287 773 374 lotnartenstones.
951 391 953 395 Υ
1090 310 1109 371 7

246 504 306 572 an
328 503 482 572 norme
503 504 651 598 ornare
673 506 956 574 ammonam.

181 650 240 706 2c
266 635 391 724 ’Άφατα
409 637 470 723 γάρ
492 640 554 703 ἐστι
577 641 627 702 καὶ
650 639 749 725 φατὰ]
786 649 916 724 Expungo
942 651 1113 725 posteriores

85 737 176 792 hasce
196 731 315 796 voculas,
338 748 408 806 quae
430 731 601 788 sententiam
607 731 750 798 infuscant,
774 729 824 790 καὶ
839 725 933 812 φατοί.
964 734 1032 790 Dixit
1047 736 1111 808 qui-

85 821 154 878 dem
178 816 323 874 Hesiodus
333 815 410 873 initio
425 807 554 914 Ἔργων,

172 893 232 958 Ὃν
251 919 283 958 τε
306 894 358 956 διὰ
379 897 487 997 βφοτοὶ
509 892 654 978 ἄνδρεςί
638 903 746 975 ομῶς,.
756 893 875 980 ἄφατοί
893 921 925 960 τε
947 898 1044 981 φατοί
1061 920 1094 960 τε

176 977 325 1061 ‘Potui'
299 1005 318 1042 τ
350 974 480 1062 ὅῤῥητοί
497 1004 539 1042 τε

86 1074 141 1132 sed
164 1072 217 1129 alio
239 1087 332 1135 sensu,
356 1087 436 1143 quum
458 1079 489 1126 ut
511 1071 574 1126 huic
596 1071 657 1127 loco
680 1081 820 1144 congruat.
864 1071 929 1128 Nam
952 1074 1005 1130 hoc
1026 1090 1111 1130 unum

89 1157 261 1233 Epiphanius
283 1155 425 1229 significat,
449 1172 479 1211 se
502 1173 557 1211 non
580 1156 669 1212 omnia
690 1155 834 1229 complecti
848 1157 922 1213 hoc
915 1175 942 1213 ru
958 1159 1046 1232 Opere
1061 1175 1112 1215 cu-

89 1261 171 1319 pere,
194 1258 257 1298 cum
276 1239 481 1296 innumerabilia
497 1240 559 1304 sint,
583 1257 634 1296 nec
649 1241 770 1297 oratione
786 1243 980 1315 comprehendi
995 1244 1110 1316 possint

96 1363 105 1368 --
180 1319 317 1384 τουτέστι
331 1320 490 1396 βασιλείας
503 1315 771 1400 Οὐαλεντινιανοῦ]
794 1326 842 1382 Est
857 1326 899 1382 hic
915 1344 1001 1383 annus
1013 1328 1112 1385 Christi

92 1417 169 1477 374,
193 1427 248 1486 quo
261 1426 341 1465 suum
363 1426 432 1483 opus
454 1427 598 1483 aggressus
622 1420 663 1467 est
679 1411 859 1484 Epiphanius3
884 1412 1011 1468 Gratiano
1023 1413 1067 1468 lll
1084 1421 1112 1469 et

90 1497 204 1571 Equitio
227 1496 302 1550 Coss.
334 1494 534 1550 Valentinianus
556 1496 627 1550 enirn
651 1504 677 1552 et
700 1495 824 1553 Valens
817 1497 959 1570 imperium
981 1497 1112 1570 auspicati

92 1591 161 1640 sunt
189 1596 259 1636 anno
290 1581 350 1637 364
379 1579 511 1644 bisextili3
541 1581 586 1652 qni
614 1581 713 1636 lovinni
737 1590 764 1637 et
785 1581 941 1637 Varroniani
964 1580 1112 1638 Consulatu

92 1677 208 1724 nomtur
233 1665 262 1719 in
283 1664 379 1720 Fastis.
423 1664 487 1719 ldeo
516 1682 602 1719 arrnns
630 1665 773 1738 utriusque
800 1669 832 1722 ll
859 1666 957 1722 Christi
986 1674 1028 1722 est
1051 1669 1111 1724 374

93 1751 217 1809 Gratiani
238 1766 323 1805 annos
345 1749 540 1822 praetermisit,
562 1757 594 1804 ut
616 1751 722 1823 opinor,
755 1750 889 1806 librarius.
934 1751 1022 1819 Quare
1045 1749 1113 1807 sub.-

94 1835 261 1894 stituendam
284 1842 326 1889 est
348 1829 398 1888 xci
421 1830 451 1888 Γ
449 1833 595 1908 procurari
617 1825 737 1909 ὀγδόου.
771 1836 911 1891 Gratianus
934 1835 1062 1910 Lupicino
1085 1843 1113 1891 et

95 1921 190 1978 lorino
207 1919 282 1975 Coss.
297 1927 329 1975 ut
351 1919 451 1973 author
473 1927 514 1973 est
531 1917 656 1974 Socrates
680 1924 708 1983 4,
729 1922 775 1976 10.
806 1921 954 1993 Imperator
976 1929 1003 1976 et
1018 1924 1114 1994 hugn-

91 2016 157 2063 stus
180 2023 196 2061 a
216 2004 296 2059 Patre
318 2003 492 2058 renunciatus
515 2012 557 2058 est
586 2020 656 2059 anno
680 2004 778 2060 Christi
800 2007 869 2063 367.
911 2005 1003 2079 ltaque
1025 2005 1114 2061 unde·

90 2092 183 2148 cimus
207 2088 381 2144 Valentiniani
404 2096 432 2144 et
456 2086 572 2143 Valentis
606 2097 647 2144 est
675 2089 794 2145 Gratiani
816 2099 934 2146 octavus.
977 2091 1006 2147 ln
1028 2090 1114 2145 Mani-

93 2177 246 2233 chaeorum
268 2173 379 2228 haeresi
401 2174 450 2236 66,
469 2174 507 2229 20
531 2189 616 2228 annos
640 2173 758 2229 Gratiani
781 2185 982 2231 commemorat.
1027 2174 1113 2242 Quem

94 2262 125 2317 in
147 2260 239 2356 locupr
261 2265 367 2314 caetera
387 2273 566 2312 reservamus.

184 2334 241 2398 οὐκ
270 2333 356 2399 ἀθεεὶ
385 2333 663 2415 διασκοπήοαττας]
700 2342 748 2398 Ηίο
770 2343 942 2399 coniecturae
963 2344 1039 2397 locus
1063 2349 1113 2397 est.

95 2431 165 2486 llam
187 2428 220 2483 de
242 2427 307 2483 vitio
337 2436 451 2482 constat
497 2425 591 2481 Scribe
614 2420 880 2500 ὸιαοκοπηοας
844 2445 900 2492 τας
920 2421 1065 2503 ψήφουςε
1088 2433 1116 2482 et

96 2507 172 2571 εἴσω
165 2509 369 2612 παρελθεῖν.
400 2511 446 2566 Vel
470 2503 709 2584 διεοκόττηοα
674 2528 730 2577 τας
743 2502 872 2587 ψήφους
895 2520 922 2566 et
944 2502 1115 2567 retinendum

96 2596 141 2666 εἷς
164 2587 190 2666 ὅ,
222 2598 288 2652 Cum
310 2597 343 2652 ad
365 2605 522 2669 susceptum
545 2612 613 2668 opus
630 2595 839 2668 aggrediendum
856 2596 1052 2652 consentientia
1067 2612 1117 2654 re·

97 2694 186 2740 strum
210 2683 329 2737 omniurn
352 2679 477 2754 suffragia
499 2681 626 2736 viderem
849 2694 850 2697 ¹

187 2770 244 2824 30.
288 2757 472 2842 Πάμφιλος]
510 2766 557 2821 Rei
594 2764 733 2821 herbariae
764 2766 910 2839 scriptores
939 2765 1041 2840 aliquot
1070 2783 1118 2821 re·

96 2861 204 2915 censet,
227 2868 343 2926 quorum
366 2851 511 2924 plerosque
527 2849 695 2906 Dioscorides
718 2851 745 2905 in
760 2851 928 2908 Praelatione
951 2867 1118 2908 commemo-

98 2947 151 3001 rat,
176 2946 204 2992 et
225 2936 293 2991 Plin.
316 2935 334 2991 l.
356 2939 380 2992 l.
423 2936 452 2990 ln
475 2936 516 2990 his
541 2935 694 3008 Pamphilus
717 2935 761 2991 ille
783 2937 841 3009 ipse
863 2936 969 2992 videtur
991 2953 1059 2999 esse,
1084 2934 1117 2990 de

99 3038 157 3096 quo
179 3021 290 3087 Suidas;
319 3021 366 3093 qui
394 3021 464 3075 inter
492 3030 598 3076 caetera
621 3020 815 3093 Georgicorum
841 3030 895 3077 tres
918 3020 1001 3075 lihros
1025 3018 1115 3082 edidit,

98 3106 188 3181 patria
208 3105 397 3199 Amphipolim,
422 3105 463 3160 vel
485 3105 635 3178 Sicyonius,
658 3105 700 3160 vel
720 3105 879 3178 Nicopolita
908 3104 946 3160 Ex
968 3120 1022 3178 quo
1045 3119 1118 3157 non-

98 3190 175 3248 nulla
196 3190 296 3263 passim
320 3195 444 3262 excerpta
465 3189 625 3262 leguntur
619 3206 646 3244 rn
670 3189 838 3246 Constantini
859 3188 1030 3294 Ceoponicis.
1060 3186 1119 3242 lle·

98 3275 180 3332 miuit
201 3284 229 3330 et
250 3273 349 3329 alicubi
370 3274 492 3330 Photius

189 3377 239 3414 και
232 3351 482 3435 Ἡρακλείόίης
469 3376 484 3414 ο
500 3349 702 3458 Ίαοαυτιυός]
726 3358 829 3413 Citatur
843 3373 858 3412 a
873 3355 994 3412 Caleno
988 3371 1014 3410 nt
1030 3352 1120 3409 Libris

97 3446 135 3502 de
159 3443 286 3516 Compos.
316 3443 454 3499 lledicam.
478 3434 557 3498 κατὰ
578 3434 690 3509 τόπους
712 3437 762 3498 καὶ
785 3434 869 3517 ydra:
893 3457 943 3496 nec
970 3455 1024 3495 non
1040 3449 1067 3495 et
1082 3437 1117 3494 ah

98 3530 242 3586 Athenaeo
264 3528 282 3583 l
301 3530 319 3585 3
347 3527 500 3584 heraclides
523 3527 694 3584 Tarentinus.
736 3526 808 3583 ldem
831 3534 859 3583 et
879 3525 1000 3582 Andreae
1024 3521 1122 3581 lledici

98 3614 234 3671 meminit.

1123 521 1140 572 t
