2534 4154
168 322 233 389 178
549 358 552 363 ·
604 337 742 388 rounur
772 389 774 394 ,

170 510 281 560 ornnes-3
309 509 428 569 quorum
449 492 603 550 testimonia
625 509 640 548 a
663 491 808 549 Catholicis
830 491 1015 566 Scriptoribus
1037 490 1203 569 iamdudum

169 578 293 635 studiose
313 578 429 635 collecta
451 588 524 634 sunt.
555 578 610 634 Sed
627 577 739 634 eximius
754 587 836 651 atque
851 577 983 652 imprimis
998 576 1131 633 disertus
1142 580 1202 645 esi,

131 714 148 719 ..
167 663 219 738 qui
245 663 311 719 mihi
340 663 410 719 iorto
432 679 505 719 nune
527 663 646 720 ooourrit
669 661 816 719 Clementis
836 662 965 718 Alexand.
989 662 1066 718 iocus
1090 655 1209 719 strom

165 747 195 805 d.
204 751 235 806 4.
263 741 457 822 Μελχισεδὲκ
477 741 624 820 βασιλεὺς
644 741 745 821 Zaidp
746 767 773 818 t,
801 738 817 804 ὃ
842 739 939 850 ἱερεὺς
959 747 1015 803 τοῦ
1035 745 1117 803 θεοῦ
1137 745 1201 803 τοῦ

168 824 321 907 υψίστου·
343 825 360 891 ὁ
382 823 436 890 τὸν
457 822 539 888 οἶνον
560 827 617 887 καὶ
632 825 687 889 τὸν
708 824 804 909 ἄρτον
817 825 873 907 τὴν
886 825 1071 908 ἧγιασμένην
1087 824 1203 898 διδοὺς

167 911 290 1017 τροφὴν
310 913 353 986 εἰς
372 909 470 974 τύπον
489 910 707 1019 Εὐχαριστιάς
736 917 801 974 Vide
824 920 939 990 August.
963 915 1048 990 Epist.
1065 917 1118 974 95.
1183 938 1187 949 ·

165 1041 169 1047 -
255 1022 271 1060 o
260 993 330 1059 dt
316 996 406 1059 deon
392 994 568 1079 Ἀβραὰμ
588 995 703 1081 πατήρ]
735 1002 814 1071 Quod
828 1001 991 1058 Abraamum
1007 1017 1079 1057 auno
1091 1001 1200 1059 aeneis

58 1111 60 1115 ·
166 1103 236 1144 snae
260 1090 298 1146 70
321 1088 448 1161 genuerit
470 1087 558 1143 Thare
581 1087 682 1144 diserte
699 1087 841 1161 Scriptura
861 1087 951 1151 donet,
975 1103 1006 1142 ae
1027 1085 1205 1160 tergiversor

167 1172 272 1230 tionem
298 1189 406 1229 omnem
428 1172 555 1229 excludit.
598 1171 654 1228 Nee
676 1173 755 1229 aliter
776 1171 951 1228 vetustissimi
974 1171 1075 1246 quique
1098 1170 1201 1229 raim

170 1273 233 1314 eum
254 1257 344 1315 ionum
366 1257 538 1331 interpretati
560 1266 632 1322 sunt,
656 1265 687 1313 ut
708 1257 750 1314 vel
765 1257 918 1313 contrariae
933 1255 1069 1330 opinionis
1084 1252 1201 1328 patruni

166 1341 249 1399 datori
270 1351 421 1416 eoguntur,
447 1343 496 1417 qui
517 1350 613 1398 eontra
634 1341 716 1398 Musis
739 1342 948 1407 authoritatem,
978 1357 1033 1397 non
1058 1343 1114 1406 70,
1145 1338 1201 1397 sed

172 1428 241 1484 130.
272 1427 360 1483 'dhare
383 1444 454 1482 anno
477 1436 571 1483 natum
591 1426 777 1483 Patriarcham
799 1426 925 1483 ridentur
945 1441 1080 1482 asserere.
1111 1424 1202 1482 viur-
1226 1462 1229 1467 -

167 1511 223 1569 rint
244 1511 300 1577 itit.
316 1529 396 1585 quam
419 1520 494 1568 reete
517 1521 559 1568 tot
573 1512 757 1578 saeculorum,
780 1512 903 1585 adeoque
918 1511 971 1567 PP.
988 1510 1109 1566 omnium
1125 1526 1200 1567 eon·

104 1621 116 1644 ·
167 1612 279 1653 sensum
301 1597 455 1670 repudient.
484 1596 539 1653 Nos
563 1613 631 1669 quae
653 1596 687 1653 ab
709 1597 762 1653 illis
784 1605 963 1670 opponuntur
977 1595 1045 1652 tanti
1061 1594 1201 1652 essenon*

164 1681 313 1746 aodimus,
337 1691 369 1738 ut
390 1689 537 1756 propterea
558 1681 651 1738 lucere
673 1682 786 1738 meridie
807 1681 961 1755 negandum
984 1681 1028 1736 sit.

254 1766 308 1821 Iam
336 1783 399 1822 vero
428 1767 479 1822 hac
507 1767 534 1822 in
562 1767 769 1839 generationum
797 1766 980 1840 descriptione
1002 1781 1058 1821 non
1079 1764 1116 1821 ab
1137 1764 1201 1823 He·

116 1848 266 1906 ttthraieis
288 1849 368 1905 modo
390 1850 521 1916 dontibus,
544 1851 593 1906 sed
615 1851 695 1908 etiam
717 1852 972 1908 aLXXSeniorum
988 1850 1119 1915 numeris,
1143 1866 1202 1906 eu·-

168 1933 286 1991 iusmodi
307 1934 388 1991 hodie
411 1943 510 1998 extant,
526 1934 635 1991 aberrat
650 1936 826 2009 Epiphanius.
857 1935 931 1992 liabo
946 1935 991 1992 hie
1007 1933 1201 2000 Hebraeorum

168 2034 201 2075 ao
215 2017 511 2084 urremmmvseriem,
535 2028 566 2076 ut
588 2037 657 2093 quae
680 2020 934 2077 observandarum
956 2020 1059 2076 facilius
1074 2019 1201 2095 quisque
