2534 4154
173 309 235 373 268
271 323 275 332 ’
538 352 553 374 .-
576 348 593 362 ν,
628 322 743 374 neruus
768 334 770 339 ⁴
794 348 818 368 -,

171 471 276 536 ὁτῶν
297 475 493 551 στρατιωτῶν
513 474 568 533 τοῦ
591 469 701 542 ἔθνους
721 464 851 551 ἡγεμών.
881 474 955 542 Quos
970 491 1033 531 curn
1048 472 1192 553 λαμπριι·

173 557 284 628 τάτους
310 561 434 634 Synodus
457 561 584 634 appellet,
607 562 779 617 clarissimos
800 560 976 632 interpretari
995 560 1079 617 malui
1100 571 1191 634 quum,

170 656 211 703 ut
227 646 393 726 Germanus,
403 647 624 702 illustrissimos.
646 646 711 701 Nam
735 654 766 701 ut
786 647 822 701 sle
836 645 925 703 naono
950 646 1192 720 lucernamque

75 740 76 743 ’
171 732 240 788 uiuit
263 732 398 804 eonsperi
427 731 565 786 Lauricius
589 739 663 786 certe
685 721 833 796 i'Evovcr‘
819 723 952 803 ηγιμιὸν,
975 731 1027 786 hoc
1050 739 1108 788 est
1115 733 1194 793 lsan-

173 818 227 873 riae
243 818 357 872 Preeses
378 816 437 880 suit,
461 833 542 888 quem
564 833 598 871 ne
622 816 797 875 clarissimum
821 814 930 887 quidem
946 813 1037 879 luisse,
1062 817 1112 872 sed
1128 834 1193 889 per-

172 901 348 958 fectissimum
371 901 460 974 potius
484 900 569 955 Guirlo
593 900 750 955 Paneirolus
772 899 887 955 Notitiae
909 902 1003 956 etta
1025 909 1114 972 putat.
1186 958 1188 962 ,

170 1022 191 1034 ·-
218 998 220 1014 ²
259 989 359 1044 874³.
388 977 572 1061 ὑπέγραψαν
593 978 621 1039 oi
643 978 803 1062 παρόντες]
840 983 903 1039 Tam
927 985 979 1041 lroe
1001 1002 1016 1040 a
1035 1001 1103 1042 uero
1126 986 1193 1041 alie-

172 1088 238 1126 num
271 1080 312 1126 est
339 1087 419 1144 quam
448 1070 522 1144 quod
551 1069 676 1125 unanime.
718 1069 860 1143 Nunquam
882 1069 994 1124 Basilius
1017 1079 1064 1125 aut
1087 1071 1191 1128 Marcus

170 1156 318 1211 Acacianae
339 1155 385 1210 isti
406 1155 536 1211 formulae
559 1154 729 1227 subscripsit,
755 1163 783 1209 ut
806 1171 856 1210 uec
879 1154 1031 1213 Occidentis
1054 1155 1190 1228 Episcopi,

171 1241 218 1312 qui
238 1240 366 1304 Arimini,
394 1258 450 1295 nou
472 1240 610 1295 Seleuciae
633 1234 827 1295 conreue'ruut.
871 1239 972 1298 Deinde
993 1256 1137 1312 quorsum¹
1151 1240 1191 1297 uis

171 1325 281 1398 Georgii
304 1342 334 1380 ac
350 1325 483 1380 Pancratii
505 1325 619 1398 repetita
643 1321 840 1396 subscriptio‘l'
857 1324 939 1395 Atqui
962 1325 1110 1381 usualiter
1127 1325 1191 1398 Epi÷

171 1411 301 1483 pharium
324 1410 475 1482 scripsisse,
510 1417 556 1465 aut
578 1409 696 1465 sensisse
718 1425 831 1469 neeesse
855 1417 896 1468 est
924 1426 1004 1482 quam
1028 1417 1059 1476 ut
1080 1410 1192 1468 Proles*

169 1495 241 1550 sioni
263 1495 301 1550 illi
322 1494 444 1558 Basilius,
479 1494 584 1549 Marcus
612 1494 713 1565 aliique
734 1493 954 1566 subscripserint.
998 1493 1065 1548 Nam
1082 1495 1116 1551 in
1139 1494 1192 1551 linc

169 1579 562 1652 subscriptionumEpiscopus
585 1587 710 1640 nupserat
725 1582 775 1643 43,
799 1586 867 1652 quot
888 1594 981 1633 revera
1004 1586 1078 1643 sunt,
1102 1579 1125 1635 si
1141 1580 1192 1636 Ea-

130 1652 138 1666 *
169 1664 269 1728 silium,
287 1664 414 1728 Marcum,
438 1664 611 1738 reliquosque
628 1663 842 1735 complectimur.
869 1663 995 1719 Socrates
1011 1672 1102 1719 autem
1118 1667 1188 1725 aar

170 1766 227 1805 non
248 1748 341 1820 plures
364 1766 443 1821 quam
468 1752 505 1806 30
530 1766 591 1804 cum
616 1749 720 1812 Aeacio,
745 1748 860 1820 Georgia
878 1746 1067 1811 Alexandrino,
1092 1749 1190 1805 Uranie

172 1842 200 1888 et
220 1833 341 1888 Eudoxio
370 1834 541 1904 conspirasse
569 1834 597 1888 in
626 1851 683 1889 eam
705 1833 848 1889 formulam
870 1832 969 1896 refert,
998 1842 1029 1888 ut
1051 1832 1079 1888 in
1101 1842 1190 1893 toturn

170 1917 226 1972 sint
249 1920 298 1974 34.
329 1917 400 1971 Satis
423 1917 633 1989 igitur²eoustat
656 1919 722 1973 haec
745 1927 892 1990 postrema,
916 1909 996 1988 ὁμοῦ
1014 1909 1191 1975 Ἐπίσκοτιαι

170 1991 231 2074 py',
253 2000 394 2074 Epiplrauii
416 2019 470 2056 non
495 2020 564 2066 esse,
588 2003 611 2056 si
633 2004 706 2058 hunc
728 2002 761 2057 ab
786 2002 885 2058 erroris
908 2002 986 2074 eulpa
1008 2001 1124 2058 liberare
1144 2020 1192 2060 ve*-

168 2085 266 2141 limus:
296 2103 490 2158 nequeporro
512 2087 617 2158 priores
639 2086 715 2151 illos,
740 2087 880 2150 Basilium,
904 2087 1037 2149 Marcum,
1060 2087 1192 2160 Hypatius

170 2187 236 2226 uum
259 2179 286 2226 et
308 2171 493 2227 occidentales
515 2171 677 2244 Episcopus
685 2172 843 2226 Aeaeiaoam
868 2165 990 2229 ἔκθεσιν
1012 2172 1189 2245 approbasse

171 2255 260 2323 Quare
288 2264 334 2311 ant
362 2273 456 2312 eorum
489 2255 639 2315 inducenda
666 2257 788 2320 nomina,
824 2265 872 2312 aut
892 2257 937 2311 ita
962 2255 1109 2329 legendum
1138 2267 1189 2321 est,

169 2333 421 2439 γνωρίζουσιν
393 2359 420 2397 οι
449 2335 677 2416 ἐντυγχάνοντες
705 2344 750 2440 τῇ
771 2336 884 2409 πίστει,
913 2324 1023 2419 §vulp
1011 2352 1141 2418 yponrov
1162 2335 1190 2398 oi

125 2446 127 2450 ·
169 2416 333 2502 παρόντες,
363 2421 525 2494 Βασίλειος
554 2436 605 2482 etc.
643 2421 692 2480 καὶ
721 2419 906 2487 οἱπλεῖστοι
931 2419 1108 2482 Ετιίσκοιιοι
1136 2429 1191 2502 τῆς

170 2503 295 2576 δυσεας.
326 2512 392 2566 Τιιιιι
416 2504 501 2586 scrip
504 2528 568 2587 γιιις
586 2504 767 2577 Ειιίσκιιτιος
789 2521 839 2567 etc.
871 2511 1010 2571 Affirmant
1034 2511 1103 2568 euim
1120 2514 1191 2568 Aca-

169 2595 238 2650 ciaui
261 2595 360 2653 editam
381 2614 397 2651 a
419 2614 449 2652 se
471 2596 533 2653 firlei
555 2597 753 2652 eoniessioucm
770 2614 878 2655 cumea
893 2597 1050 2658 consentire,
1063 2597 1190 2663 formula,

169 2679 197 2734 in
221 2696 301 2750 quarn
323 2680 413 2736 Sirmii
435 2699 495 2737 cnm
510 2681 645 2745 Valente,
670 2682 774 2738 Ursatio
797 2688 825 2737 et
847 2676 1190 2756 Oceirleotplibuscoune-⁴

170 2781 236 2821 nere
258 2765 387 2829 Basilius,
406 2766 536 2829 ollamus,
567 2767 714 2838 Georgius,
744 2767 955 2839 aliique-quos
980 2758 1133 2825 Germiuius
1162 2767 1190 2824 iu

169 2848 386 2923 Epistolaquae
401 2849 472 2906 inter
487 2850 577 2906 Hilarii
593 2851 741 2923 fragmenta
757 2852 900 2923 reperitur,
911 2862 1073 2909 enumerat:
1090 2867 1189 2925 nempe

170 2934 316 3005 Georgium
339 2935 554 2998 Alexandrinum,
578 2937 747 3004 Pancratium
765 2936 932 3001 Pelusiuum
958 2936 1084 2995 Basilium
1098 2939 1190 3010 Ancy-

144 3072 148 3083 ,
168 3036 273 3085 cauum,
298 3020 445 3084 Valentem,
471 3021 603 3076 Ursatium
627 3031 654 3076 et
672 3022 810 3078 limeum.-
829 3021 1005 3082 Restituenrla
1019 3021 1101 3081 ,euim
1117 3022 1189 3082 llan-

168 3105 245 3161 eratii
275 3120 337 3161 vor*
352 3115 394 3161 est
420 3106 449 3164 in
473 3106 599 3162 Germ'iuii
620 3106 756 3178 Epistola,
786 3106 833 3178 uhi
860 3096 1051 3177 inscriptum
1068 3115 1134 3167 esta
1158 3113 1188 3165 ‚et

171 3187 291 3261 Georpio
314 3190 454 3262 Episcopo
477 3189 734 3250 ,lleuo'uolrinorum
753 3191 900 3266 Ecclesiae
919 3193 963 3241 *l
979 3191 1187 3253 Pelusiacum.

167 3275 224 3329 lmo
247 3293 311 3330 vero
333 3276 391 3330 lieri
424 3283 515 3348 potest
543 3286 573 3331 ut
595 3276 875 3348 llypetianinuoqu‘e
890 3293 988 3333 nomen
1011 3293 1026 3330 a
1046 3277 1186 3339 Germinio

168 3370 409 3415 commemoratum
432 3361 570 3416 exciderit.
600 3361 665 3415 Naro
680 3361 845 3432 Epiphanius
868 3361 895 3416 in
917 3361 990 3416 calce
1014 3378 1074 3432 cap.
1089 3363 1130 3424 22
1144 3361 1188 3430 in-¹

168 3451 211 3502 ter
232 3462 294 3509 eos,
318 3446 366 3517 qui·
386 3446 526 3501 Sirmiensi
549 3445 678 3501 formulae
699 3445 938 3518 subscripserunt,
955 3445 1072 3511 siluisse
1095 3455 1187 3502 narrat

168 3542 229 3581 cum
251 3531 365 3585 caeteris
388 3531 581 3602 llppatiauum,
605 3531 651 3604 qui
675 3530 818 3587 lleracleae
838 3531 891 3588 luit
912 3530 1073 3603 Episcopus,
1091 3541 1130 3590 ut
1151 3532 1187 3589 ait

168 3611 275 3669 Secum.
293 3617 372 3691 liti..
390 3615 440 3670 Ubi
459 3614 550 3687 obiter
565 3614 747 3672 emendandus
764 3616 1186 3696 cstssluru‘aitlleccrleuiauosr
