2534 4154
473 313 763 363 xnruxnrensrouus
1089 303 1130 366 37

115 463 212 543 θηνοὶ,
236 461 287 522 καὶ
310 459 339 522 οἱ
361 455 457 538 ἄλλοι,
479 469 532 523 hoc
555 476 596 524 est
619 467 748 526 Dosithei
791 469 936 527 Carnarius
958 471 995 526 ita
1016 471 1129 545 legerat,

114 544 146 609 ori
167 544 229 628 μὴν
251 548 343 609 dureo.
366 554 430 620 τοῖς
450 549 523 625 Σεβ.
548 545 576 608 οἳ
599 543 702 625 ἄλλοι,
725 563 858 629 expuncta
880 573 947 612 voce
962 553 991 612 Γ
989 552 1129 633 opilare!

326 772 369 828 ΑΙ]
392 772 558 828 HAERESIN
580 772 625 828 Xll
649 774 910 831 GORTHENOEUM.

196 895 234 950 30
251 909 275 947 ο.
305 888 336 947 Γ
335 886 464 969 ορθηνοὶ
487 886 520 947 δὲ
542 887 592 948 καὶ
615 884 644 947 οἱ
666 883 753 948 ἄλλοι
767 884 920 968 Ἐοσηνοί]
954 895 1019 951 Mire
1040 895 1130 968 impli-

109 988 183 1035 catus
207 985 235 1033 et
256 977 394 1033 involutus
416 977 460 1032 hic
481 977 558 1034 loeus
582 985 632 1034 est.
673 978 739 1033 Nam
762 996 830 1051 quos
850 979 972 1052 repetitis
988 979 1063 1036 hisce
1079 998 1146 1036 vo-.

108 1063 184 1120 cibus
208 1053 306 1125 ἄλλοι,
331 1052 442 1133 ἄλλων,
466 1070 494 1118 et
508 1056 639 1133 ἐκείνοις,
662 1062 807 1135 intelligat,
832 1064 955 1120 extricari
970 1064 1012 1120 vix
1026 1073 1127 1137 potest.

107 1147 235 1204 Nonnihil
257 1163 474 1220 assequeremur,
498 1148 520 1202 si
543 1148 575 1202 de
590 1146 699 1203 Essenis
720 1147 779 1202 istis
803 1157 949 1213 constaret,
973 1166 1042 1222 quos
1057 1150 1130 1219 iuter

108 1230 291 1290 Samaritanus
314 1249 384 1287 uuus
407 1232 572 1304 Epiphanius
596 1241 764 1287 annumerat.
808 1233 891 1305 Atqui
912 1233 968 1289 veri
997 1242 1024 1289 et
1053 1225 1129 1309 γνή-

108 1335 165 1374 etot
189 1316 300 1382 Esseni,
329 1334 398 1389 quos
421 1317 497 1373 Philo
524 1333 555 1372 ae
575 1317 707 1390 Iosephus
730 1316 871 1382 exhibent,
895 1317 963 1373 nihil
985 1335 1047 1374 cum
1069 1320 1127 1375 istis

107 1401 238 1467 moribus,
261 1409 343 1474 atque
366 1419 397 1457 ea
418 1401 551 1458 festorum
573 1401 778 1474 perturbatione
793 1401 948 1458 commercii
962 1402 1126 1460 habuerunt.

107 1487 283 1543 bivinandum
306 1486 389 1559 igitur
410 1485 489 1541 nobis
512 1496 562 1550 est,
587 1495 614 1542 et
636 1487 663 1542 in
686 1485 806 1542 tenebris
828 1486 997 1543 attrectanda
1018 1487 1126 1552 veritas,

107 1573 179 1647 quod
202 1571 313 1627 minime
335 1572 519 1665 desperemus.
551 1572 702 1627 Serrarium
724 1573 768 1628 hie
783 1571 866 1644 agitat
881 1571 1001 1644 Scaliger
1015 1571 1127 1627 Elenchi

107 1673 163 1730 cap
183 1658 233 1721 20,
258 1666 285 1711 et
307 1656 400 1711 miram
423 1657 447 1711 ei
469 1656 707 1712 hallucinationem
730 1656 838 1721 obiicit,
862 1656 936 1731 quod
958 1673 990 1711 ex
1011 1655 1043 1711 iis
1061 1655 1128 1729 Epi·
1144 1680 1148 1685 ’

106 1742 198 1815 phanii
222 1740 319 1806 verbis,
344 1737 392 1796 aul
417 1733 445 1795 oi
468 1730 555 1796 ἄλλοι
575 1731 725 1815 Ἐσσηνοὶ,
748 1739 847 1813 duplex
862 1741 895 1797 ab
910 1741 956 1797 illo
972 1758 1059 1814 genus
1075 1740 1127 1796 Es-

107 1843 236 1882 senorum
265 1826 375 1899 agnosci
397 1825 424 1881 in
447 1826 617 1882 Trihaeresio
642 1826 795 1898 scripserat
840 1827 901 1900 lpse
924 1834 1014 1882 autem
1037 1825 1126 1881 nullos

106 1911 170 1967 alios
193 1910 312 1966 Essenos
335 1910 424 1965 videre
447 1928 476 1966 se
499 1911 571 1976 dicit,
595 1919 703 1984 praeter
725 1928 781 1975 eos,
807 1928 876 1983 quos
899 1911 1000 1967 decima
1016 1909 1127 1967 Haeresi

106 1996 206 2095 posuit.
251 1995 326 2051 Nom
347 2003 439 2060 rectu,
462 1996 564 2070 inquit,
594 2003 655 2052 erut
677 1997 796 2061 locutio,
825 1993 856 2052 Γ
854 1990 1000 2073 ορθηνοι
1024 1991 1074 2051 καὶ
1097 1987 1127 2050 οἳ

106 2071 208 2135 datm.-
236 2082 287 2135 red
314 2081 382 2152 quio
407 2082 481 2136 inter
502 2081 624 2136 Essenos
653 2088 680 2136 et
707 2098 768 2146 eos,
798 2083 831 2136 de
864 2083 964 2154 quibus
992 2082 1123 2152 loquitur,

107 2163 264 2221 Gortbenos
292 2166 378 2220 medii
399 2166 538 2221 internecti
559 2173 625 2222 runt
644 2165 781 2231 Sebuoel,
810 2183 845 2221 ne
868 2169 901 2222 de
923 2165 1059 2222 Sebuoea‘s
1082 2165 1125 2220 ui·

106 2251 217 2307 daretur
246 2251 336 2322 loqui,
367 2251 469 2306 adiecit
496 2245 564 2318 ἐξ
550 2244 711 2328 enepea'apov
733 2250 865 2306 Essenos
909 2251 982 2305 Idem
1005 2249 1093 2320 Scalig
1077 2265 1125 2302 uer

105 2327 191 2411 ἔγγὺς
212 2353 274 2390 των
296 2324 397 2390 ἄλλων
419 2335 452 2391 de
467 2335 597 2391 Sebuaeis
620 2335 739 2408 exponit.
770 2336 843 2403 Quae
865 2333 1052 2406 interpretatio
1068 2350 1124 2402 nou

105 2419 196 2494 inepta
218 2419 308 2484 modo,
332 2419 380 2474 sed
401 2419 580 2493 Epiphanio
574 2420 626 2493 rpsi
648 2419 782 2475 contraria
805 2427 855 2474 est.
886 2418 952 2474 Nam
975 2435 1006 2473 ex
1029 2434 1059 2472 ea
1077 2434 1124 2472 se-

106 2505 197 2577 quitur
219 2503 397 2576 Epiphanium
419 2505 487 2560 velle
510 2505 663 2560 Gorthenos
686 2512 714 2559 et
735 2503 852 2558 Essenos
875 2501 1061 2559 Sebuaeorum
1082 2501 1124 2557 vi·

106 2590 180 2645 ciuus
203 2589 297 2644 eadem
320 2606 381 2644 cum
403 2590 469 2662 ipsis
492 2588 590 2654 lacere,
613 2579 652 2644 τὰ
674 2580 726 2644 ἴσα
748 2582 870 2654 ἐκείνοις
890 2578 1043 2664 πράττειν.
1083 2586 1123 2644 hd

105 2690 172 2746 quos
197 2673 269 2729 enim
292 2666 326 2730 τὸ
349 2668 484 2744 ἐκείνοις,
506 2674 559 2729 nisi
580 2674 614 2730 ed
636 2672 774 2729 Sebuaeos
797 2671 964 2747 pertinebit‘l
994 2672 1050 2729 lloc
1072 2689 1124 2727 au-

105 2765 157 2815 tem
180 2758 404 2814 absurdissimum
428 2767 483 2824 est,
507 2775 569 2814 eum
591 2766 618 2814 et
640 2767 719 2814 antea
741 2758 851 2824 dixerit,
875 2767 903 2815 et
924 2757 1040 2814 subinde
1062 2774 1124 2814 mo-

106 2851 175 2908 ueat,
200 2843 354 2899 Gorthenos
377 2845 471 2899 saltem
493 2843 653 2901 aSebuaeis
675 2860 839 2917 magnopere
862 2843 1032 2910 dissensisse.
1057 2842 1123 2898 Cum

104 2926 186 3001 igitur
208 2928 349 2984 manifeste
373 2928 416 2984 hic
438 2929 465 2984 in
487 2931 585 2985 mendo
604 2928 681 2984 locus
696 2931 816 2994 haereat,
840 2929 976 2985 videamus
991 2927 1123 3000 quemad-

104 3013 213 3069 modum
236 3030 371 3068 reeensen
386 3014 482 3087 possit
513 3015 542 3069 ln
557 3013 795 3086 anacephalaeosi
818 3031 887 3086 quae
903 3029 1035 3068 summam
1052 3010 1122 3066 Hae

104 3113 201 3154 reseon
225 3097 422 3170 complectitur,
446 3098 675 3155 Samaritanorum
699 3107 754 3154 tres
775 3097 882 3171 priores
899 3106 989 3153 sectae
1005 3097 1040 3151 ita
1055 3094 1121 3149 bro-

104 3182 169 3238 viter
199 3182 380 3255 explicantur:
413 3178 443 3237 Γ
442 3179 572 3257 ορθηνοι
603 3175 632 3238 oi
660 3174 764 3249 ἄλλοις
791 3184 908 3260 καιροῖς
934 3172 990 3247 τὰς
1011 3170 1121 3251 ἑορτὰς

104 3283 229 3343 ογοντες
249 3259 341 3363 παρὰ
357 3260 430 3333 τούς
450 3262 648 3340 Σεβουοίοος.
689 3263 852 3338 Σεβοοαῖοι
876 3257 980 3321 διὰ
948 3283 1002 3339 την
1024 3280 1120 3338 αοτην

104 3346 204 3408 aiilon
238 3351 300 3407 τῶν
327 3341 442 3427 ἑορτῶν
470 3346 547 3430 πρὸς
574 3346 647 3419 τούς
673 3349 704 3407 Γ
702 3345 858 3429 ορθηνους
890 3341 1118 3445 διαφερόμενοι·

103 3424 273 3532 'lt'oonvolp
275 3428 372 3510 npd't
358 3431 519 3512 οποτὲοοιις
539 3427 770 3509 ἐναντιούμενοι,
793 3439 857 3502 τοῖς
872 3428 906 3490 δὲ
919 3420 1119 3511 παρατυγχά-
1122 3490 1125 3495 ,

103 3538 206 3577 νουσιν
227 3455 420 3598 ἑορτάζοντες
441 3483 628 3600 eldeumtipmc.
660 3520 804 3584 Gurthone,
827 3520 875 3592 qui
895 3519 1015 3576 diversas
1033 3537 1052 3575 ο
1067 3517 1118 3574 Se·

104 3606 201 3663 laneis
225 3607 395 3680 temporibus
416 3607 490 3679 [esto
513 3609 671 3664 celebrant:
693 3605 830 3671 Sennea,
855 3605 902 3678 qui
924 3606 957 3660 ob
979 3605 1064 3661 ttto
1054 3619 1119 3676 epse
