2534 4154
474 321 766 372 intuamumrouus.
1040 299 1044 313 '
1064 307 1126 377 231

107 479 273 553 Episcopum
302 476 386 532 luisse
415 477 495 535 docet
523 477 704 550 Epiphanius,
738 494 819 550 quem
847 477 926 533 etiam
955 477 1131 535 Alexandriae

107 564 272 621 collocatum
301 578 362 617 esse
390 561 423 617 ab
446 563 550 617 Arianis
578 561 681 618 scribit.
727 563 824 618 Verum
852 562 943 618 nullus
966 580 998 619 eo
1021 563 1130 620 nomine

107 646 315 708 Alexandrinam
338 646 484 703 Ecclesiam
507 647 605 703 tenuit.
636 647 669 702 Et
690 646 799 721 quidem
822 641 1011 721 κατέστησαν
1026 648 1132 722 simpli-

105 735 178 793 citcr
199 731 271 787 idem
294 749 355 787 esse
377 741 470 804 potest
491 740 573 806 atque
596 733 690 787 ordi-ni
711 750 763 787 eoo
784 745 820 787 ‘oc
843 733 975 803 dipnitntt‘
999 735 1130 789 restitue·

106 826 184 875 runt.
229 817 268 872 lta
290 816 374 872 lulius
396 817 469 889 Papa
498 810 570 873 οὐδὲ
595 809 743 892 ἠρνοῦντο
772 811 825 875 τὸν
847 811 970 874 Πισῑὸν
989 809 1049 874 dno
1072 815 1131 875 Σε-

107 892 277 960 κούνδου
263 895 418 974 εσχηκέναι
441 895 497 976 τὴν
511 894 708 958 κατάστασιν
739 902 792 958 Sed
807 902 902 974 quod
895 912 967 959 inter
982 903 1130 977 Episcopos

105 989 142 1045 ah
164 986 317 1060 Epiphanio
340 986 482 1052 celeratur,
507 987 628 1042 excusari
650 1004 705 1042 non
729 995 829 1059 potest.

198 1075 297 1129 734³.
329 1063 371 1137 ὡς
392 1056 447 1127 οὖν
468 1060 549 1127 οὕτω
576 1072 829 1147 παρεκινεῖτο]ι
822 1071 969 1127 Multum
963 1091 990 1128 ru
1019 1073 1132 1131 historia

108 1157 209 1214 lleletii
231 1157 336 1230 lapsum
360 1173 420 1212 esse
443 1174 525 1250 supra
548 1157 671 1212 vidimus.
701 1157 841 1229 Largius
835 1173 862 1212 m
878 1158 990 1213 Arianae
1007 1157 1131 1215 Hacrcsis

105 1241 293 1315 descriptione
316 1242 436 1315 peccavit
457 1242 497 1296 vir
511 1241 611 1314 alioqui
626 1242 857 1314 diligentissimus.
888 1241 953 1297 Nam
969 1258 1043 1315 quae,
1054 1243 1133 1299 dein-

107 1345 175 1401 ceps
199 1327 318 1400 exponit,
343 1344 374 1383 ea
396 1334 459 1400 post
474 1325 620 1383 Nicaenum
637 1326 785 1383 Concilium
802 1326 968 1391 acciderunt,
991 1343 1063 1384 anno
1079 1345 1133 1382 un-

105 1413 231 1477 decimo,
261 1413 315 1468 hoc
337 1420 379 1468 est
403 1411 501 1467 Christi
526 1414 596 1470 336.
640 1414 675 1467 ht
696 1411 862 1484 Epiphanius
885 1412 977 1467 Arium
999 1420 1062 1468 ante
1084 1411 1133 1467 Ni·

107 1515 224 1556 caenum
242 1496 390 1553 Concilium
413 1496 562 1552 excessisse
585 1506 671 1570 putat.
701 1497 731 1551 ln
754 1513 808 1571 quo
825 1496 995 1569 Scriptorum
1011 1497 1132 1553 omnium

108 1599 247 1640 consensu
276 1581 417 1660 refellitur.
462 1581 545 1636 Nimis
574 1581 639 1636 illud
667 1590 762 1636 notum
792 1589 848 1645 est,
883 1583 1015 1637 viventem
1043 1581 1133 1637 adhuc

107 1668 202 1724 Arium
226 1666 364 1740 aSyuodo
387 1667 542 1722 damnatum
565 1674 592 1721 ct
614 1674 677 1739 post
698 1666 801 1739 aliquot
823 1683 908 1722 annos
924 1664 1034 1723 Eusebii
1049 1683 1132 1739 opera

107 1753 267 1810 restitutum
298 1751 531 1825 Constantinopoli
560 1761 698 1807 mortuum
727 1769 797 1808 esse.
843 1751 880 1806 lle
908 1769 963 1825 quo
995 1751 1130 1816 Socrates,

109 1837 251 1900 llulfinus,
282 1837 485 1901 Theodoretus‚
515 1836 684 1893 Sozomenus
707 1845 819 1892 etanta
842 1852 936 1892 omnes
958 1837 1131 1893 Athanasius.

106 1923 149 1981 En
170 1921 270 1995 quibus
292 1921 469 1994 corrigendus
485 1919 660 1994 Epiphanius
684 1921 730 1994 qui
754 1939 785 1976 cr
807 1921 955 1977 falsissimis
971 1922 1135 1997 quibusdam

106 2008 194 2070 actis,
218 2015 265 2062 aut
288 2006 407 2062 historiis
431 2006 480 2062 ista
502 2006 654 2080 descripsit.
699 2007 770 2064 Sanc
793 2024 853 2063 curn
876 2007 993 2080 primum
1015 2007 1132 2064 Alexan·

108 2093 204 2151 drinos
232 2090 293 2148 illos
324 2089 455 2147 tumultus
484 2100 511 2148 et
532 2091 588 2146 Arii
616 2092 814 2148 damnationem
842 2092 961 2165 optimus
983 2093 1184 2166 ImperatorEC'l

106 2177 225 2250 accepit,
248 2176 340 2232 literas
363 2178 396 2232 ad
411 2176 590 2233 Alexandrum
614 2186 642 2233 ct
663 2177 756 2233 Arium
778 2177 896 2232 acriores
920 2176 1001 2239 dedit,
1026 2186 1054 2232 et
1075 2176 1133 2232 Ho-

109 2263 181 2318 sium
206 2260 409 2317 Cordubensem
432 2262 617 2317 Alexandriam
640 2262 722 2325 misit,
749 2262 795 2333 qui
817 2261 949 2317 orientem
971 2260 1043 2316 illam
1065 2276 1134 2333 pro-

109 2347 207 2404 cellam
235 2354 421 2420 componeret.
467 2347 545 2414 Quod
566 2345 614 2400 nbi
636 2346 745 2400 minime
767 2345 915 2417 processit,
944 2352 1001 2400 tum
1025 2344 1133 2399 demum

107 2431 254 2489 Nicaenam
271 2431 409 2504 Synodum
433 2429 531 2503 coegit,
555 2447 587 2485 ac
609 2439 748 2502 postremo
771 2446 852 2494 anno,
877 2429 916 2484 uti
932 2428 1055 2492 diximus,
1079 2446 1134 2484 un-

106 2512 216 2575 decimo
245 2533 260 2572 a
288 2525 398 2590 peracta
427 2512 536 2589 Synodo
560 2515 652 2570 Arium
676 2512 936 2587 Constantinopolim
964 2531 1013 2587 per
1041 2513 1132 2571 literas

107 2598 240 2671 'evocavit
272 2601 343 2657 llaec
367 2600 535 2674 temporibus
558 2599 674 2656 discreta
697 2598 819 2654 confudit
840 2615 871 2654 ac
893 2598 1051 2673 permiscuit
1068 2599 1134 2674 Epi-

110 2678 239 2762 phanius.

200 2771 302 2828 7341).
334 2761 413 2843 ὁμοῦ
436 2763 470 2825 δὲ
492 2761 572 2849 ζήλῳ
594 2762 752 2846 ἐπαρθείς]
798 2768 874 2825 Edita
903 2778 945 2825 est
971 2770 1038 2826 hacc
1062 2768 1135 2825 Con·

107 2856 223 2915 stantini
245 2856 278 2912 ad
300 2856 392 2911 Arium
415 2856 577 2910 athrianos
599 2854 719 2927 Epistola
741 2871 755 2909 a
777 2853 907 2910 l'edcrico
929 2854 1040 2910 llorello
1063 2870 1134 2909 anno

113 2943 206 3001 1595.
248 2941 285 2996 Ex
308 2957 361 3013 qua
383 2939 567 2997 emendandus
590 2939 634 2995 liic
656 2939 799 3013 Epiphanii
821 2939 908 2996 locus.
954 2939 1018 3011 ch.
1042 2938 1133 3009 itaque

111 3027 215 3084 hunc
209 3044 235 3081 m
258 3025 368 3081 modum
392 3026 463 3082 eius
473 3025 587 3080 initium.
619 3019 853 3091 Κωνστανῑΐνος
868 3017 1028 3095 Σεβαστὸς
1047 3014 1133 3096 μέγι-

109 3129 186 3178 στος
200 3102 308 3189 Ἀρεία»
331 3129 380 3166 και
373 3102 572 3185 Ἀρειανοῖς,
594 3126 664 3184 quae
680 3119 721 3166 est
736 3109 887 3182 inscriptio.
910 3107 1012 3163 Deinde
1028 3099 1134 3172 Κακὸς

110 3187 259 3274 ἕρμηνεας
282 3186 463 3294 αὐτόχρημα
486 3203 538 3251 etc.
610 3257 614 3267 ¹

201 3285 300 3338 tato.
331 3271 364 3355 ὅ)
365 3298 384 3336 ε
408 3274 445 3354 δὴ
469 3270 684 3356 αὸὃεςἎρειε]
732 3277 807 3335 Cori.
838 3294 877 3333 ex
897 3276 991 3333 eadem
1013 3275 1133 3349 Epistola

100 3357 315 3445 ἎρεςἎρειε.

202 3455 302 3508 7353.
335 3440 470 3515 duodone
499 3440 594 3504 αὐτοῦ
617 3465 656 3502 τα
679 3440 762 3520 τέλη]
794 3439 863 3520 ra‘lq
886 3445 930 3503 hic
953 3463 1002 3520 pro
1024 3447 1133 3507 inlecti

108 3553 159 3594 m
179 3545 336 3593 sumuntur.

144 3613 365 3681 ¹'135er
392 3617 435 3697 τῷ
464 3607 547 3696 αὐτῷ
575 3610 632 3675 a'tea
659 3608 801 3688 ntidamai]
830 3615 970 3700 Quinque
993 3585 1132 3682 mensibus
