2534 4154
466 325 758 377 turunnvnusiouus.
1062 311 1125 375 227

105 483 182 540 nasio
206 481 330 556 deposito
354 499 498 538 successor
519 483 598 539 datus
621 492 672 539 est.
703 483 756 540 Sed
778 482 850 539 idem
872 487 968 557 postea
989 484 1017 539 in
1036 484 1129 540 Sardi-

105 568 181 625 ceusi
204 567 323 624 Concilio
346 567 471 624 redactus
494 567 520 623 in
544 569 681 632 ordinem,
711 569 874 624 Athanasius
897 586 961 626 vero
984 569 1042 625 sedi
1063 587 1129 626 suae

104 653 259 713 restitutus.
290 653 448 724 Quanquam
471 653 597 709 Socrates
621 663 648 709 et
669 653 839 710 Sozomcnus
862 654 1032 728 Gregoriurn,
1055 654 1130 749 quod

104 739 267 794 Ariauorum
290 754 413 793 caussam
435 755 529 811 parum
553 747 665 795 strenue
687 747 869 811 promoveret,
894 739 927 795 ab
942 739 1069 796 Arianis
1062 740 1129 849 ipsis

104 831 242 880 remotum
264 830 399 878 asserunt.

118 962 121 966 .
194 909 294 966 728ο
325 898 345 963 ct
347 905 415 962 λλαι
444 899 529 963 δέ’
505 925 560 964 εισι
583 902 717 979 πλείους]
763 867 890 965 Theonoe
914 909 1011 966 dictam
1033 907 1130 965 Eccle-

91 993 173 1050 siam
202 992 321 1048 condidit
348 992 513 1058 Alexander,
548 993 592 1049 eui
620 992 753 1049 successit
780 993 958 1059 Athanasius,
992 1003 1022 1050 ut
1050 994 1128 1068 Apol.

104 1079 192 1152 prima
217 1086 332 1135 testatur
353 1078 420 1150 ipse.
451 1079 485 1134 At
507 1088 615 1151 praeter
630 1079 705 1142 istas,
729 1095 796 1152 quas
811 1078 978 1151 Epiphanius
994 1081 1182 1145 recensethssd

105 1163 156 1220 alia
179 1162 230 1219 tuit
251 1154 269 1237 ἦ
293 1154 464 1237 καλουμένη
488 1158 611 1240 κυρίου,
639 1163 769 1229 Damio&
799 1181 849 1236 pro
873 1181 927 1236 quo
949 1164 1061 1219 Latinus
1084 1166 1131 1220 ln-

103 1258 213 1321 terpres
239 1247 354 1319 Quirini
381 1247 512 1312 reddidit,
541 1249 617 1320 quasi
641 1257 714 1304 esset
736 1242 882 1326 Κυρίνου.
927 1249 1015 1304 Locus
1039 1257 1081 1304 est
1102 1250 1131 1305 in

106 1333 193 1407 Epist.
216 1333 248 1389 ad
271 1332 412 1389 Solitarios
434 1351 461 1405 p.
479 1335 549 1391 632.
1119 1351 1120 1357 “

194 1411 321 1484 {bootae
343 1411 376 1474 de*
398 1410 516 1474 τούτων
534 1412 639 1492 δῆλον]
663 1420 821 1491 Legendum
851 1417 921 1474 sorte
952 1412 1045 1492 δῆλον
1071 1407 1130 1474 ὅτι.

106 1503 195 1559 Porro
224 1503 251 1558 in
274 1503 387 1576 singulis
410 1503 442 1557 iis
464 1502 591 1558 Ecclesiis
614 1503 728 1577 quilibet
750 1502 897 1576 Presbyter
919 1503 1035 1575 privatas
1059 1502 1131 1576 Syn-

107 1605 171 1644 ares
193 1587 299 1661 agebat.
331 1587 384 1643 Sed
407 1605 468 1642 cum
483 1588 621 1643 Athanasii
644 1605 726 1661 opera
749 1604 846 1661 magua
867 1588 895 1643 in
912 1587 968 1643 dies
984 1589 1018 1643 ad
1034 1587 1131 1644 Eccle-

107 1673 174 1728 siam
197 1673 316 1729 accessio
338 1672 432 1736 fieret‚
462 1673 578 1728 arctiora
600 1673 644 1728 illa
667 1673 767 1746 templa
789 1689 851 1729 esse
874 1682 1038 1745 coeperunt:
1063 1672 1130 1728 adeo

107 1758 217 1831 quidem
239 1758 318 1813 utin
343 1757 507 1830 Synaxibus,
539 1775 608 1830 quae
631 1758 851 1830 quadragesimae
874 1767 997 1831 ternpore
1019 1757 1130 1822 fiebant,

106 1843 232 1916 plerique
255 1843 282 1898 in
306 1843 427 1898 conlerta
449 1841 529 1898 turba
552 1843 749 1916 propemodum
773 1843 832 1899 elisi
855 1859 885 1899 ae
908 1843 1055 1917 praelocati
1070 1843 1132 1899 lue-

107 1929 177 1983 rint:
202 1923 234 1984 ἓν
255 1930 323 1994 ταῖς
339 1920 478 1994 συνάξισι
495 1929 549 2002 τῆς
563 1930 821 2005 τεσσαρακοστῆς,
844 1928 891 1984 ubi
906 1930 1044 2002 lnterpres
1060 1928 1146 1984 aliud>

106 2030 191 2086 agens
213 2013 395 2068 Pentecosten
424 2022 512 2069 vertit.
556 2013 618 2070 ldeo
646 2014 673 2069 in
695 2014 819 2069 Paschali
841 2013 997 2070 celebritate
1019 2014 1133 2087 pervicit

107 2097 237 2172 populns,
260 2099 339 2154 utin
363 2098 458 2153 maiori
479 2098 523 2153 illa
546 2099 681 2164 Ecclesia,
705 2116 786 2172 quam
810 2099 967 2155 Caesaream
989 2099 1131 2163 vocabant,

107 2183 217 2240 tametsi
246 2183 366 2238 dedicata
388 2183 509 2238 nondum
532 2193 620 2249 esset,
651 2185 762 2257 Synaris
785 2183 878 2249 lieret,
909 2184 942 2239 ad
965 2177 1078 2256 eamque
1100 2200 1133 2239 ex

108 2267 235 2324 omnibus
264 2268 390 2324 Ecclesiis
418 2267 510 2324 fideles
540 2277 746 2324 concurrerent.
790 2268 886 2324 Narrat
915 2268 942 2322 id
968 2267 1133 2324 Athanasius

106 2353 229 2426 Apoll.

102 2483 105 2487 ,
198 2436 300 2495 72811.
331 2429 417 2494 ἄλλοι
442 2431 475 2493 δὲ
496 2429 670 2514 Καρπώνῃ]
702 2438 752 2506 Qui
774 2436 807 2492 ab
830 2435 980 2492 Alexandro
1004 2435 1133 2492 ohAria-

108 2539 172 2579 nam
200 2522 339 2596 perfidiam
364 2524 465 2578 eiectus
488 2522 521 2578 ab
544 2523 662 2596 Ecclesia
685 2540 700 2576 a
724 2521 855 2594 Gregorio
878 2522 906 2576 in
928 2520 1068 2576 Athanasii
1089 2521 1134 2578 lo-

108 2625 172 2666 cum
195 2608 300 2664 intruso
324 2609 356 2664 ad
378 2608 474 2663 lulium
497 2608 596 2680 Papam
619 2607 719 2663 missus
743 2614 793 2671 est,
817 2614 848 2661 ut
869 2606 985 2679 ipsemet
1000 2606 1084 2662 lulius
1106 2607 1174 2663 inc

108 2692 230 2766 Epistola
253 2701 378 2756 testatur,
403 2710 481 2765 quam
506 2693 532 2746 in
555 2693 633 2765 Apol.
652 2694 669 2749 2
692 2692 837 2764 descripsit
859 2691 1032 2748 Athanasius.

197 2772 245 2832 καὶ
273 2771 332 2855 γὰρ
366 2770 382 2835 ὃ
410 2771 597 2844 Κόλλουθος
623 2767 705 2850 τινά]
750 2776 871 2832 Meminit
904 2777 985 2833 huius
1014 2776 1135 2851 Epistola

108 2862 252 2936 synodalis
280 2861 313 2918 ab
336 2862 515 2919 Alexandrino
540 2862 658 2918 Concilio
688 2863 715 2917 in
744 2878 840 2919 caussa
861 2863 1000 2919 Athanasii
1023 2863 1133 2936 scripta,

108 2947 182 3022 apud
212 2948 326 3004 eundem
350 2949 525 3004 Athanasium
548 2948 626 3020 Apol.
645 2950 673 3005 2.
717 2947 766 3004 Η1ο
795 2965 856 3004 cunt
879 2947 1027 3020 Presbyter
1051 2956 1133 3011 esset,

101 3050 161 3108 pro
183 3032 318 3106 Episcopo
341 3049 401 3088 sese
424 3034 509 3105 gessit
531 3042 559 3088 et
581 3032 765 3089 ordinationes
787 3033 915 3090 instituit.
946 3031 999 3087 Sed
1021 3031 1054 3087 ab
1077 3030 1136 3086 llo-

109 3118 151 3175 sio
175 3125 202 3173 et
217 3117 396 3174 Alexandrino
414 3117 533 3173 Concilio
556 3119 700 3191 pristinum
723 3119 749 3173 in
770 3119 892 3174 ordinem
909 3115 1066 3188 compulsus
1083 3121 1134 3171 est.

104 3203 184 3261 idom
207 3211 235 3259 et
258 3203 387 3259 llaeresin
410 3203 575 3275 peculiarem
599 3204 695 3269 tenuit,
719 3211 750 3259 ot
771 3203 863 3258 Deum
884 3202 1023 3256 matorum
1044 3200 1136 3271 sacto·

107 3305 169 3345 rem
195 3305 254 3344 οοο
283 3304 342 3344 esce
371 3289 488 3354 diceret,
518 3298 550 3345 ut
577 3288 745 3362 Augustinus
774 3297 801 3344 et
829 3286 991 3343 Philastrius
1025 3284 1133 3341 docent.

106 3373 190 3443 Quod
211 3373 283 3429 de''
267 3391 299 3428 ns
322 3373 397 3429 malis
420 3373 605 3446 accipiendum
629 3381 686 3437 est,
716 3389 785 3446 quae
807 3390 858 3445 per
880 3388 940 3427 sese
962 3370 1049 3436 bona,
1072 3369 1134 3426 ideo

104 3457 180 3517 mala
202 3458 338 3524 dicuutur,
362 3458 435 3531 quod
458 3458 492 3513 ad
513 3459 646 3515 malorum
668 3474 771 3530 poenas
793 3457 979 3555 inlliguntur.

199 3545 298 3601 tter.
328 3535 496 3619 ημιφόριον
516 3537 574 3620 γὰρ
597 3533 849 3615 ὁτοιοῦτοςᾶεί]
880 3557 1073 3641 ημιφοοιον
1062 3539 1135 3596 idem
1189 3533 1192 3542 ¹

106 3629 249 3704 estquod
274 3628 410 3702 hesychio
434 3645 464 3684 ac
487 3620 625 3687 Suidae
607 3616 787 3705 ημιφάριον,
810 3628 864 3686 hoc
885 3618 970 3701 estq
971 3642 1046 3700 μισυ
1062 3617 1136 3700 ἱμο-

929 3723 982 3776 ra*
1069 3798 1071 3802 Ι
