2534 4154
164 296 230 358 aaa
622 302 735 354 euentu
798 348 800 354 Α

158 461 272 526 stantia,
296 455 496 516 similitudinem
519 454 710 529 agnoscebant.
756 455 877 524 Quorum
905 456 1026 530 signiferi
1048 473 1079 513 ae
1102 456 1185 515 duces

158 555 244 611 ¹erant
265 543 378 601 Basilius
400 532 571 613 Anamares,
603 541 735 613 Georgius
758 540 942 605 laodicenus,
971 542 1099 598 Silvanus
1119 541 1186 599 Tar*

160 630 264 694 sensis,
288 627 457 702 Sophronias
468 626 750 698 'Pompeiopoiitauus
774 625 898 683 Eleusius
913 627 1078 700 Cyzicenus
1095 627 1186 703 diaes·

167 716 264 771 dorius
288 711 601 784 constantinopolitanus
625 719 660 774 et,
690 720 720 766 ut
743 711 868 767 Socrates
892 728 922 768 ae
945 712 1114 768 Soaomeuus
1137 732 1186 768 ro-

165 801 235 862 lant,
261 800 340 855 etiam
364 796 477 870 Cyrilfus
503 795 770 869 Hierosolymitanus.
801 796 872 852 Haec
894 796 947 852 dno
963 797 1076 869 Arianae
1095 806 1186 854 sectae

162 885 255 958 capita
283 884 408 945 fueruat,
438 898 553 952 querum
584 881 609 939 iu
633 880 758 952 dogmate
779 880 838 953 ipso
862 880 995 937 dissensio
1018 881 1185 938 versabatur.

110 987 143 1030 tf:
162 970 257 1028 *Tertia
285 967 381 1024 deiude
409 981 463 1022 uon
486 976 539 1023 tam
564 983 595 1021 en
617 965 717 1021 erroris
741 966 868 1021 varietate
896 984 976 1038 quam
1009 983 1041 1022 en
1068 968 1137 1023 odiis
1159 975 1186 1023 et

168 1053 362 1110 offensionibus
386 1060 476 1107 exorta
500 1051 578 1106 factio
603 1059 659 1114 est,
689 1051 882 1106 Aeaeiauorum
905 1051 1036 1107 videlieet.
1071 1052 1185 1108 'Etenim

168 1139 279 1195 Aeacius
309 1135 487 1193 Caesariensis
517 1153 578 1192 eum
608 1135 714 1192 Meletio
746 1144 773 1191 et
800 1136 900 1191 Urauio
928 1136 1023 1209 Tyrio,
1053 1136 1185 1211 Eutychio

167 1222 435 1294 Eleutheropofitauo
459 1227 486 1275 et
508 1221 566 1275 aliis
589 1219 748 1292 quibusdam
772 1238 835 1276 suas
855 1221 913 1293 ipse
928 1230 1019 1294 partes
1035 1223 1185 1285 coustituit,

163 1325 198 1365 ae
221 1307 448 1364 Seruiariaaorum
471 1305 585 1362 ‹fuciftus
608 1307 737 1364 acerrime
761 1305 860 1362 restitit
881 1305 908 1361 in
932 1306 1097 1364 Seleueieusi
1116 1306 1188 1363 Coa-

168 1392 237 1449 eilio.
284 1393 333 1460 Qui
358 1392 383 1446 iu
408 1408 456 1453 eo,
487 1399 518 1445 ut
540 1390 651 1463 opinor,
687 1389 719 1444 ah
743 1390 863 1446 Eudoxio
893 1391 1005 1466 aliisque
1028 1392 1186 1464 praefractis

160 1478 284 1534 aetianis
315 1474 499 1548 discrepabat,
529 1474 601 1547 quod
625 1474 720 1530 filium
750 1484 901 1532 ereaturam
924 1494 1000 1539 esse,
1031 1484 1078 1532 aut
1101 1477 1186 1532 Patris

167 1562 324 1620 dissimilem
353 1561 403 1618 etsi
432 1559 544 1633 perinde
573 1568 655 1632 atque
683 1560 719 1615 illi
744 1560 872 1624 sentiret,
901 1578 956 1616 non
990 1561 1188 1627 tameutlifiere

167 1648 349 1718 audacterque
377 1645 561 1718 profiteretur.
607 1644 645 1700 De
673 1645 714 1700 his
744 1645 855 1701 consule
878 1645 1017 1702 Socratem
1046 1647 1074 1709 2,
1093 1649 1128 1704 31
1161 1656 1188 1702 et

114 1799 116 1802 y
158 1731 355 1805 sequentibus,
379 1730 542 1787 Tireedoret.
560 1732 588 1793 2,
607 1732 656 1792 27,
680 1730 787 1786 Sozam.
805 1733 833 1794 4,
852 1732 887 1787 21
913 1748 945 1786 ae
968 1731 1106 1803 deiueeps.
1175 1781 1177 1784 ,

158 1856 180 1872 -.
253 1817 315 1872 τῶν
342 1810 410 1890 περὶ
432 1846 474 1855 -
496 1807 676 1886 Σιλουανόν]
722 1814 799 1871 Harae
828 1816 916 1888 ipsum
939 1815 1076 1872 Silvanum
1105 1817 1189 1873 refert

168 1901 356 1957 'theodoretus
374 1902 402 1960 2,
417 1902 453 1955 27
477 1894 512 1956 τὸ
536 1891 701 1971 ὃμοοῦσιον
723 1917 812 1955 eoram
836 1902 1001 1973 Imperatore
1024 1901 1187 1959 defendisse.

168 1985 246 2054 Quod
269 1984 344 2039 valde
365 1983 457 2039 mirer.
494 1984 560 2038 Nam
583 1984 609 2038 iu
632 1983 798 2040 Scieueieusi
821 1985 1004 2043 uonetttauuto
1028 1987 1081 2042 hoe
1102 1984 1188 2061 uniam

159 2071 296 2126 adversus
312 2068 456 2124 deaeianos
480 2068 624 2140 pertendit,
649 2076 679 2123 ut
693 2070 859 2126 Antiocheae
883 2071 998 2127 formula
1011 2071 1187 2135 retineretur,

117 2155 205 2210 attuit
228 2155 354 2210 Socrates
372 2156 399 2217 2,
418 2155 467 2210 32.
496 2153 565 2220 Quid
587 2163 677 2209 autem
700 2154 726 2208 iu
749 2155 838 2210 auimo
861 2156 987 2212 habuerit
1008 2157 1041 2220 is,
1065 2157 1112 2230 qui
1134 2146 1189 2212 od·
1244 2191 1246 2196 ,

162 2249 234 2297 ,σιον
262 2240 334 2312 apud
356 2238 557 2295 Theodoretnm
585 2255 635 2310 pro
665 2231 829 2312 ὁμοούσιον
857 2242 1044 2314 reponendum
1072 2243 1187 2306 eensuit‚

168 2327 267 2383 docere
285 2325 343 2397 ipse
365 2323 504 2379 debuerat.
542 2323 607 2380 Nam
630 2342 680 2380 vos
702 2324 745 2379 illa
769 2315 873 2392 οὔατος
895 2343 948 2381 non
973 2335 1014 2381 est
1036 2328 1126 2382 nauci.

181 2439 182 2442 ¹
254 2402 281 2465 oi
304 2402 553 2486 περὶΕὐὸόξιον]
569 2451 572 2456 .
587 2410 719 2482 Corrupta
742 2410 799 2466 siue
823 2410 921 2475 dubio,
946 2428 1035 2491 neque
1058 2412 1124 2466 satis
1148 2412 1189 2466 in-

168 2505 245 2570 tegra
268 2496 318 2551 ista
342 2503 414 2550 saint.
452 2495 545 2568 Neque
570 2495 639 2548 enim
663 2495 799 2550 Eudoxias
822 2513 852 2550 ae
875 2495 1007 2567 Georgius
1030 2496 1190 2552 Alexandri-

166 2599 219 2640 nus
243 2598 256 2634 a
280 2579 383 2642 Basilii,
416 2589 463 2635 aut
485 2579 713 2635 Semiariauorum
736 2579 858 2654 partibus
882 2588 999 2644 stetere,
1027 2579 1190 2652 quibuscum

50 2737 52 2742 Ι
159 2664 405 2722 ⁴siefremeutiasirue
427 2664 637 2720 contendebant.
663 2665 723 2720 ¹Nos
746 2682 814 2736 quae
837 2664 936 2721 desunt
958 2665 984 2719 in
1004 2665 1101 2722 Latino
1122 2683 1190 2738 sup-

67 2780 69 2785 ·
166 2749 309 2829 pferirnus.
341 2749 440 2820 [Vertit
462 2749 595 2811 Petavius.
621 2749 814 2805 Constantium
834 2752 1033 2823 imperatorem
1052 2751 1189 2821 intelligo.

168 2833 322 2892 Detinuere
345 2840 439 2888 tumea
458 2837 633 2905 postmodum
653 2835 801 2891 Eudoxias
823 2843 849 2891 et
865 2834 1004 2906 Georgius
1019 2832 1190 2892 durandu-

166 2937 222 2983 aua
243 2927 270 2976 et
291 2918 415 2977 Eurotas
437 2917 646 2991 Antiochenam]

162 3053 167 3064 .
257 3007 357 3062 aroc.
390 3000 439 3059 καὶ
466 2995 609 3082 Οὐρανίῳ
632 3006 677 3083 τῷ
703 2999 819 3083 Τυρίῳ]
864 3005 944 3079 Apud
966 3005 1107 3062 Socratem
1130 3024 1191 3063 sae-

167 3090 230 3171 pius
255 3090 387 3151 licentius
409 3107 459 3162 pro
484 3088 594 3147 Uranie
617 3107 759 3163 perperam
782 3090 945 3146 substitutus
969 3099 1019 3146 est.

258 3178 316 3233 870
333 3175 359 3231 d.
390 3167 659 3246 κατασταθέντων]
688 3176 805 3247 Lag.·ut
827 3183 869 3230 est
891 3177 918 3230 in
941 3176 1072 3248 urargiue,
1095 3195 1190 3233 κατα-

166 3254 335 3327 σταθέντα.
376 3259 441 3317 Nam
465 3260 589 3332 deposito
612 3260 638 3315 in
663 3260 829 3315 Seleueiensi
852 3261 971 3316 Concilio
1001 3279 1015 3316 a
1039 3262 1136 3317 Basilio
1166 3268 1191 3316 et

160 3345 342 3405 -Serniarianis
365 3345 495 3409 Eudoxio,
519 3345 649 3400 suffectus
670 3354 711 3400 est
725 3344 854 3409 Auienus
879 3346 925 3420 qui
939 3345 972 3400 afr
988 3347 1128 3402 Aeaeianis
1144 3362 1190 3418 per

169 3430 321 3490 Lauricium
349 3439 375 3485 et
398 3431 514 3487 Leonam
538 3432 563 3484 in
588 3430 695 3485 exilium
719 3429 821 3486 eiectus
845 3440 895 3487 est.
927 3431 1053 3489 Socrates
1078 3435 1106 3494 2,
1126 3434 1182 3505 32,

257 3517 313 3573 871
334 3514 360 3570 b.
392 3506 443 3570 ded
471 3508 527 3590 τὴν
555 3508 631 3592 πρὸς
654 3509 706 3572 τὸν
728 3508 883 3592 Kriptfftov
905 3510 1034 3592 ἔχθραν]
1080 3517 1191 3589 Expun-

169 3597 258 3671 geuda
287 3599 396 3656 omuino
424 3598 538 3672 negandi
567 3601 706 3674 particula.
751 3601 817 3657 Nam
839 3601 986 3674 autpertus
1016 3620 1066 3675 pro
1090 3621 1142 3658 saro
1165 3602 1190 3656 iu
