2534 4154
150 318 209 379 100
601 328 715 377 rxrxvu

146 497 241 544 nostro
264 486 344 542 volui.
385 484 455 540 lieri
478 484 578 556 quippe
600 492 692 557 potest
721 482 873 555 ut.aliquid
896 483 928 538 de
951 501 1000 538 suo
1024 484 1113 540 sciens
1138 501 1170 541 ac

146 573 238 628 volens
262 569 416 626 inseruerit.

232 658 292 713 212
309 656 334 710 d.
367 647 442 729 φασὶ
466 644 499 706 δὲ
521 645 570 706 καὶ
594 631 691 724 οὗτοι]
714 652 826 707 Tertull.
849 653 867 706 l.
884 669 944 707 con.
963 653 1064 708 Valent.
1083 657 1169 711 c.37.

146 738 247 812 Accipe
269 741 330 794 otia
351 738 466 808 tepente
490 737 598 791 cicuitu
613 737 757 800 Enniana,
768 738 933 807 insipnt'oris
952 739 1029 808 apud
1044 754 1091 792 eoo
1106 756 1171 795 ma·

145 827 235 897 picot,
259 826 306 896 qut
328 840 362 877 ec
377 823 538 895 Pontificoli
560 838 613 876 sua
637 823 857 876 auctoritatate
879 822 952 877 hunc
975 824 1087 877 modum
1102 840 1169 879 cen-

145 911 210 974 suit,
234 917 283 963 etc.

72 979 74 983 ¹
180 983 182 990 ’
233 996 292 1050 213
310 1012 333 1048 a.
363 981 496 1066 Κλήμης
523 1008 570 1061 τε,
601 980 635 1045 ὃν
663 986 743 1065 φασί
769 1007 846 1056 τινες
864 981 1075 1066 Ἀλεξανδρέα]
1115 992 1168 1060 Qui

147 1078 312 1134 Clementem
333 1078 420 1150 patria
440 1076 632 1132 Atheniensem
656 1092 716 1130 esse
739 1074 841 1130 diceret
863 1085 971 1148 praeter
985 1076 1168 1151 Epiphanium

146 1179 178 1218 ex
200 1163 341 1218 Veteribus
364 1162 416 1216 vidi
437 1161 582 1216 neminem.
625 1160 784 1234 Quanquam
807 1177 841 1215 ne
863 1161 885 1214 is
909 1160 1017 1233 quidem
1039 1161 1165 1227 affirmat,

146 1248 194 1303 sed
215 1248 363 1304 contrarias
387 1247 515 1302 duntaxat
538 1244 679 1317 opiniones
703 1244 789 1300 allert.
822 1245 918 1299 Mirum
940 1245 1022 1318 igitur
1045 1256 1087 1301 est
1110 1265 1167 1320 quo

105 1333 233 1388 desuetus
256 1334 371 1387 authore
393 1330 440 1385 Vir
462 1329 583 1385 eruditus
609 1328 773 1384 Clementem
796 1329 909 1384 Athenis
932 1330 1092 1395 oriundum,
1119 1331 1168 1388 sed

146 1418 219 1491 quod
238 1416 411 1472 Alexandriae
434 1415 528 1488 perdiu
553 1414 685 1478 docuerit,
707 1414 915 1469 Alexandrinum
937 1415 1021 1470 luisse
1043 1424 1098 1470 tam
1121 1434 1169 1472 as-

145 1513 300 1559 severanter
329 1501 476 1575 scripserit.
523 1499 575 1566 oui
598 1497 633 1553 ob
658 1516 715 1554 eam
739 1516 861 1553 caussam
885 1499 957 1554 addit
981 1517 994 1553 a
1016 1499 1165 1557 maioribus

145 1587 188 1653 [ut
210 1589 309 1643 author
331 1594 373 1642 est
387 1585 564 1657 Epiphanius)
588 1592 646 1638 tum
660 1583 878 1648 Alexandrinum,
902 1593 959 1638 tum
984 1585 1063 1639 etiam
1077 1566 1167 1642 Athe-

145 1667 267 1727 niensem
289 1688 349 1726 esse
372 1669 549 1725 nominatum.
595 1664 676 1740 Atqui
698 1685 830 1740 nusquam
854 1669 889 1731 id
914 1669 986 1741 quod
1009 1669 1054 1724 ille
1075 1679 1165 1742 putat,

144 1756 310 1828 Epiphanius
334 1765 390 1810 tum
414 1754 637 1817 Alexandrinum,
669 1762 725 1807 tum
749 1753 828 1807 etiam
851 1754 1045 1808 Atheniensem
1067 1772 1081 1809 a
1105 1772 1166 1811 ma-

143 1839 247 1895 ioribus
269 1840 437 1894 nominatum
461 1855 521 1894 esse
538 1838 703 1893 Clementem
727 1839 832 1901 asserit,
856 1838 929 1911 quod
945 1839 1057 1893 Athenis
1076 1848 1164 1902 ortus.

144 1923 317 1979 Alexandriae
347 1924 492 1979 docuisset.
538 1923 592 1978 Sed
621 1922 653 1977 de
680 1923 766 1994 patria
789 1923 916 1977 duntaxat
939 1923 1009 1978 varie
1032 1924 1166 1995 quosdam

144 2009 262 2063 sensisse
285 2016 384 2063 narrat.

231 2092 333 2150 21311.
365 2087 422 2162 ἰοῦ,
445 2087 503 2160 ἰοῦ,
527 2085 577 2144 καὶ
600 2091 669 2168 φεῦ,
692 2091 764 2167 φεῦ]
804 2091 842 2145 Ad
869 2092 935 2147 haec
958 2093 1059 2147 lrenaei
1083 2093 1166 2150 rerba

144 2178 262 2251 respexit
284 2176 397 2233 Tertull.
427 2176 461 2231 ln
482 2175 592 2232 Scholis
608 2175 889 2248 ,Carthaqiniensihus
910 2177 965 2248 fuit
987 2178 1101 2249 quidam
1124 2181 1166 2234 π’·

143 2263 302 2334 ptuisstmus
325 2255 436 2318 llltetor¹
451 2261 580 2325 Latinus,
611 2261 793 2332 Phosphorus
815 2263 935 2315 nomine.
983 2262 1049 2317 Cum
1071 2264 1165 2319 virum

142 2349 243 2420 sortem
261 2356 420 2421 peroraret,
445 2347 536 2411 Venio,
560 2348 659 2419 inquit,
683 2349 793 2411 advos,
810 2347 907 2418 optimi
923 2348 1004 2411 ciues,
1029 2349 1063 2402 de
1075 2337 1164 2420 prae'·

143 2434 181 2490 lio
205 2451 266 2489 cum
286 2435 407 2489 uictoria
429 2449 507 2497 meo,
531 2449 592 2486 cum
613 2433 749 2504 felicitate
770 2440 879 2495 nestro,
908 2433 1075 2503 ampliatus,
1103 2435 1165 2504 plo·

143 2520 244 2583 mosoc,
268 2520 439 2589 fortunatus
463 2519 612 2581 mactmus,
635 2517 823 2589 triumphalia.
853 2516 889 2571 Et
912 2516 1081 2572 scholastici
1104 2526 1164 2574 sta-

144 2604 192 2656 tim
218 2602 347 2673 familiae
369 2602 528 2674 Phosphori
557 2602 615 2677 <ped
644 2604 811 2659 acclamant.
856 2601 967 2656 Audisti
986 2603 1164 2674 fortunatam

145 2694 171 2740 et
192 2687 346 2750 Hedonem,
369 2694 395 2740 et
417 2685 569 2751 Acinetum
593 2693 618 2740 et
637 2687 773 2742 lNJeletunt
797 2687 924 2741 acclamo
944 2687 1074 2758 familiae
1096 2689 1163 2745 Pto-

145 2771 245 2825 lentaet‘
268 2771 334 2845 φεῦ.
380 2771 539 2868 Quanquam
562 2771 620 2845 φεῦ
642 2771 714 2844 apud
735 2771 806 2825 lron.
830 2766 1067 2843 σχετὶιαστικὸν,
1090 2774 1163 2846 apud

145 2853 256 2909 Tertull.
279 2845 495 2925 θαυμαστικὸν
517 2863 568 2909 est

231 2940 331 2995 214³.
362 2933 395 2993 ἓκ
417 2931 450 2992 δὲ
471 2940 526 3012 τῆς
554 2929 660 3013 ἀρχῆς]
699 2938 762 3011 leg.
793 2934 826 2992 ἐκ
849 2933 882 2993 δὲ
904 2940 958 3014 τῆς
980 2931 1160 3016 ἀνεννοήτου

145 3016 291 3103 δευτέρῳ,
315 3029 366 3078 etc.
395 3023 463 3078 adeo
486 3032 517 3078 ut
539 3040 617 3079 voces
640 3023 700 3078 illae
728 3024 784 3097 τῆς
816 3013 912 3097 ἀρχῆς
939 3027 1125 3098 parenthesi
1118 3045 1162 3083 ιιι-

144 3108 235 3164 clusae
264 3107 411 3163 adscititiae
438 3107 587 3164 videantur
634 3107 716 3163 Cuius
750 3108 915 3163 contrarium
943 3109 976 3165 ab
1000 3112 1089 3185 operis
1120 3122 1163 3169 est

144 3192 244 3249 lactum
266 3201 321 3248 tam
343 3193 370 3248 in
392 3202 520 3248 contextu
543 3193 602 3266 ipso
626 3210 706 3266 quam
728 3193 755 3247 in
778 3193 890 3265 paginae
913 3195 1006 3252 limite.
1047 3196 1075 3252 Si
1098 3198 1162 3270 qui-

144 3279 205 3333 dem
227 3273 390 3334 lrenaeus
377 3296 409 3333 εκ
432 3271 465 3333 δὲ
487 3279 540 3352 τῆς
562 3269 742 3352 ἀνεννοήιου
763 3278 838 3351 legit.

231 3362 332 3420 arrd
368 3364 411 3442 τῷ
438 3355 638 3439 ὑποδείγματι
667 3364 723 3419 τοῦ
750 3355 939 3459 edqyyelr'ov]
978 3365 1160 3422 Coniicicham

142 3438 318 3541 υπορήματι
340 3447 559 3504 substituendum
582 3465 651 3504 esse.
683 3448 760 3515 Quod
783 3449 807 3504 si
829 3451 872 3505 cui
887 3460 995 3522 recepta
1011 3451 1062 3505 iam
1078 3450 1159 3507 lectio

143 3531 229 3602 magis
250 3525 384 3599 arriserit,
406 3523 577 3609 υπόὸειγμα
599 3533 652 3589 hoc
673 3533 734 3590 loco
757 3552 807 3607 pro
830 3536 999 3590 mandatoet
988 3543 1159 3610 tpraecepto

144 3615 329 3689 accipiendum
352 3625 402 3675 est.
