2534 4154
463 319 752 370 nuiunnvansronas.
1075 308 1113 370 73

59 473 244 545 proprium
266 473 382 527 esitium
403 489 479 528 mens
500 475 625 529 resana!
655 474 734 530 Dicis
750 477 789 531 ad
803 491 913 530 crucem
930 474 1042 531 Domini
1055 493 1116 535 ma·

67 564 164 613 treta
187 559 248 612 eius
269 557 358 628 fnisse
376 566 563 629 praesentem.
593 559 671 614 Dicis
693 561 797 615 loanni
820 561 957 631 discipulo
974 563 1008 616 ob
1024 563 1116 617 vidui·

65 647 195 707 tatem,
225 650 251 697 et
272 643 451 698 solitudinem
472 646 706 710 commendatam,
730 647 812 717 quasi
833 645 915 700 lucta
939 652 964 700 te
985 663 1042 701 non
1063 636 1116 702 lta·

61 723 170 784 beret
199 736 323 799 quatuor
349 729 435 801 filios,
465 738 491 783 et
517 730 680 784 innumeras
709 731 798 803 filias,
827 747 946 802 quarum
974 733 1115 788 consortio

55 811 246 878 frueretur.
276 812 334 867 Vid.
357 815 471 886 August.
495 814 528 868 de
550 814 696 886 Nuptan
718 823 744 870 et
768 815 887 887 Concup.
904 832 927 870 c.
942 819 987 871 11.

183 901 241 954 115
258 915 282 954 c.
311 889 390 964 υἱοῖς
412 882 479 954 οὖσι
502 898 557 954 τοῦ
576 891 705 976 Ἰωσήφ]
730 900 794 954 Vide
818 901 896 956 Haer.
914 902 963 958 78.

297 1117 340 1172 AD
363 1117 530 1174 unuaustn
552 1119 630 1174 XXIX
652 1119 910 1176 annnnuoauu.
1125 1123 1155 1174 50

179 1236 217 1292 [le
239 1237 389 1301 Nazaraeis,
414 1237 455 1292 vel
477 1237 620 1294 Nazarenis
644 1238 702 1294 vide
725 1255 793 1312 quae
817 1238 849 1293 ad
872 1239 991 1294 ludaieas
1013 1240 1117 1298 Haere-

70 1334 137 1379 ses
155 1321 241 1377 'Poma
263 1323 354 1394 priore
377 1321 501 1377 diximus.
531 1323 597 1378 Nam
619 1323 687 1379 istos
703 1323 869 1394 aprioribus
885 1324 1005 1379 diversos
1022 1325 1114 1391 fuisse,
1188 1341 1192 1347 ’

66 1416 146 1464 non
172 1406 316 1462 admodum
340 1407 486 1479 persuadet
507 1407 683 1482 Epiphanius.
713 1407 796 1463 Erant
819 1408 889 1463 enim
908 1408 1044 1473 Nazaraei,
1068 1412 1117 1483 qui

69 1506 155 1547 cum
176 1491 232 1547 Dei
252 1493 340 1564 filium
362 1494 560 1565 confiterentur
582 1510 641 1547 esse
666 1492 812 1557 Christum,
836 1494 931 1548 omnia
954 1501 1047 1548 tamen
1068 1510 1115 1550 aa·

72 1579 161 1632 teris
184 1576 268 1647 Legis
292 1579 490 1641 observabant,
514 1579 551 1633 ait
572 1579 751 1651 Augustinus.
789 1579 838 1646 Qui
862 1587 889 1633 et
910 1578 1037 1634 Matthaei
1060 1579 1117 1635 He·

65 1654 214 1718 braiaum
229 1661 401 1734 Evangelium
425 1661 526 1717 habere
548 1680 609 1718 sese
632 1662 797 1727 iactitabant,
821 1663 861 1718 uti
883 1672 978 1736 postea
1001 1663 1114 1720 dicetur.

70 1741 127 1803 Ile
161 1747 193 1802 iis
216 1746 397 1820 Hieronymus
419 1746 504 1819 Epist.
528 1747 561 1802 ad
583 1749 697 1820 August.
746 1748 837 1820 Usque
865 1748 948 1803 bodie
966 1765 1021 1821 per
1042 1756 1116 1806 totas

78 1830 218 1888 Orientis
240 1831 406 1903 Synapopas
427 1833 503 1887 inter
523 1833 644 1888 ludaeos
667 1834 804 1888 Haeresis
834 1841 888 1898 est,
918 1850 990 1905 quae
1013 1834 1116 1889 dicitur

73 1917 272 1977 Minaeorum
295 1925 320 1971 et
342 1933 361 1971 a
375 1917 542 1972 Pharisaeis
564 1935 638 1972 nunc
660 1935 747 1990 usqae
762 1920 922 1982 damnatur,
946 1935 1016 1991 quos
1030 1920 1115 1991 culpo

75 2002 260 2060 Nazaraeos
282 2010 455 2075 nuncupant,
479 2004 529 2074 qni
551 2005 666 2058 credunt
680 2005 711 2058 in
728 2003 868 2059 Christum
882 2005 971 2076 filium
986 2004 1048 2069 Dei,
1065 2012 1115 2060 etc.

76 2088 147 2146 Sed
168 2089 234 2142 dum
254 2089 352 2142 volunt
373 2095 398 2141 et
412 2086 513 2142 ludaei
536 2104 606 2152 esse,
630 2096 655 2143 et
672 2087 835 2152 Christiani,
858 2105 909 2143 nec
925 2089 1025 2144 ludaei
1039 2096 1114 2155 sunt,

79 2189 141 2229 uec
163 2171 327 2228 Christiani.
357 2171 428 2246 Ergo
444 2173 574 2228 Nazareui
591 2173 743 2230 Christiano
760 2191 789 2229 se
805 2174 913 2229 nomine
929 2173 1115 2230 venditabant.

81 2257 188 2314 Fuisse
210 2274 274 2312 vera
298 2257 343 2329 qui
366 2257 393 2312 in
416 2275 492 2313 mero
515 2258 648 2313 liidaismo
671 2259 844 2331 praeeipuam
866 2258 999 2330 quandam
1020 2258 1114 2313 eodem

82 2343 203 2399 nomine
226 2349 328 2397 sectam
351 2344 564 2406 constituerent,
589 2342 621 2397 ab
644 2360 700 2398 uno
723 2343 872 2415 Epiphanio
896 2342 1046 2397 didicimus.
1077 2341 1116 2398 lte

84 2427 188 2484 iisdem
211 2427 266 2500 agit
287 2427 454 2499 Augustinus
477 2427 551 2483 lib.1
578 2444 639 2482 con.
663 2426 836 2483 Cresconium
860 2443 883 2481 c.
902 2429 951 2483 31.
981 2426 1018 2481 Et
1039 2442 1116 2483 nuuc

86 2519 159 2568 sunt
180 2513 295 2584 quidam
316 2511 459 2577 baeretici,
483 2513 532 2584 qni
553 2528 583 2566 se
604 2511 772 2567 Nazarenos
793 2518 904 2575 cocant,
932 2529 950 2566 a
971 2513 1116 2568 nonnuliis

89 2605 186 2653 autem
202 2596 412 2667 symmachiani
434 2598 626 2669 appellantur,
651 2604 677 2651 et
699 2597 931 2651 circuncisionem
949 2597 1053 2653 babent
1070 2589 1136 2653 lu·⁴

89 2685 228 2739 daeorum
250 2689 276 2737 et
297 2682 473 2754 Baptismum
498 2681 731 2754 Christianorum.
957 2685 959 2690 ’

182 2770 240 2824 118
256 2767 284 2823 h.
315 2762 408 2823 iuriae
429 2760 490 2843 γὰρ
512 2761 591 2823 κατὰ
614 2756 773 2840 διαδοχήν]
805 2767 905 2822 'Pritam
929 2784 959 2823 ac
977 2767 1116 2839 vulgarem

93 2852 126 2908 de
150 2851 256 2908 Oraculi
279 2851 402 2908 Iacohaei
424 2852 648 2926 interpretatione
671 2852 832 2908 sententiam
855 2853 980 2926 sequitur
994 2852 1116 2925 Epipha-

92 2937 164 2994 nius.
195 2937 270 3006 Quae
294 2945 336 2993 est
358 2937 505 2994 eiusmodi:
529 2955 668 3010 nunquam
692 2937 805 2993 eTribu
823 2938 887 2993 luda
903 2937 1041 3008 Principes
1066 2937 1116 2992 de-

93 3022 215 3086 futuros,
239 3022 326 3078 donec
350 3022 472 3078 Christus
495 3023 648 3078 adveuiret:
678 3023 731 3079 hoc
753 3032 795 3078 est
816 3022 867 3078 sub
891 3022 979 3095 ipsum
1001 3020 1114 3092 Messiae

94 3109 237 3163 adventum
261 3106 396 3164 desituros
418 3107 566 3181 Principes,
591 3107 639 3182 qui
660 3109 791 3164 hactenus
815 3125 829 3162 e
852 3107 935 3162 Tribu
958 3105 1021 3160 luda
1045 3104 1115 3160 enti-

95 3201 198 3248 terant:
229 3191 303 3264 quod
332 3192 359 3247 in
381 3192 531 3249 Alexandro
561 3193 707 3266 contigisse
730 3200 823 3265 putat,
853 3191 900 3262 qui
922 3197 1115 3263 postremuse

94 3276 175 3351 Regia
197 3277 242 3332 illa
264 3276 344 3333 lutiae
367 3277 463 3334 familia
485 3278 545 3334 suit.
577 3277 623 3333 Cui
649 3277 769 3333 Herodes
792 3275 933 3339 successit,
958 3275 1039 3329 homo
1062 3289 1115 3329 ne-

96 3379 146 3434 que
168 3363 250 3418 Iudae
273 3360 390 3426 tribulis,
413 3379 464 3418 nec
487 3363 596 3418 omnino
619 3362 744 3426 iudaeus,
768 3361 816 3417 sed
832 3359 974 3415 ldumaeus
997 3367 1024 3413 et
1047 3358 1114 3415 alic-

96 3446 206 3520 nigena:
231 3456 293 3502 aute
317 3464 396 3519 quem
420 3449 465 3521 qui
489 3448 521 3504 de
545 3447 627 3502 Tribu
650 3447 713 3502 luda
736 3445 819 3501 citimi
834 3443 973 3516 Principes
995 3443 1113 3509 fuerant,

96 3530 173 3589 iidem
197 3541 225 3589 et
247 3531 280 3587 ad
302 3525 446 3589 Leviticam
468 3532 656 3606 pertinebaut;
687 3531 769 3586 veluti
791 3528 959 3585 Macchabaei
982 3545 1013 3584 ac
1032 3528 1114 3585 'dein-

96 3632 157 3692 ceps
178 3616 233 3673 alii.
264 3615 337 3673 Haec
358 3618 466 3690 quidem
481 3617 646 3691 Epiphanius
669 3625 774 3672 veteres
797 3622 918 3671 secutus.
950 3613 1120 3673 Setinum
