<?xml version="1.0" encoding="UTF-8"?>
<!DOCTYPE html PUBLIC "-//W3C//DTD XHTML 1.0 Transitional//EN"
    "http://www.w3.org/TR/xhtml1/DTD/xhtml1-transitional.dtd">
<html xmlns="http://www.w3.org/1999/xhtml" xml:lang="en" lang="en">
 <head>
  <title>
</title>
<meta http-equiv="Content-Type" content="text/html;charset=utf-8" />
  <meta name='ocr-system' content='tesseract 3.04.00' />
  <meta name='ocr-capabilities' content='ocr_page ocr_carea ocr_par ocr_line ocrx_word'/>
</head>
<body>
  <div class='ocr_page' id='page_1' title='image "./epiphaniiepisco00epipgoog_0292.png"; bbox 0 0 2534 4154; ppageno 0'>
   <div class='ocr_carea' id='block_1_1' title="bbox 466 280 1124 377">
    <p class='ocr_par' dir='ltr' id='par_1_1' title="bbox 466 280 1124 377">
     <span class='ocr_line' id='line_1_1' title="bbox 466 280 1124 377; baseline 0 -33"><span class='ocrx_word' id='word_1_1' title='bbox 466 294 757 377; x_wconf 76' lang='lat' dir='ltr'>snrunnpaosronas.</span> <span class='ocrx_word' id='word_1_2' title='bbox 1064 280 1124 345; x_wconf 76' lang='lat'>187</span> 
     </span>
    </p>
   </div>
   <div class='ocr_carea' id='block_1_2' title="bbox 101 442 1130 1460">
    <p class='ocr_par' dir='ltr' id='par_1_2' title="bbox 102 442 1128 951">
     <span class='ocr_line' id='line_1_2' title="bbox 104 442 1125 528; baseline 0 -19"><span class='ocrx_word' id='word_1_3' title='bbox 104 446 147 522; x_wconf 60' lang='grc' dir='ltr'>ξ,</span> <span class='ocrx_word' id='word_1_4' title='bbox 165 444 297 527; x_wconf 78' lang='grc' dir='ltr'>ῗματίων</span> <span class='ocrx_word' id='word_1_5' title='bbox 317 442 513 526; x_wconf 76' lang='grc' dir='ltr'>γεγενημένα,</span> <span class='ocrx_word' id='word_1_6' title='bbox 540 467 602 513; x_wconf 78' lang='lat' dir='ltr'>nos</span> <span class='ocrx_word' id='word_1_7' title='bbox 614 443 703 527; x_wconf 68' lang='grc' dir='ltr'>ἐρίων</span> <span class='ocrx_word' id='word_1_8' title='bbox 724 449 766 506; x_wconf 89' lang='lat' dir='ltr'>vel</span> <span class='ocrx_word' id='word_1_9' title='bbox 787 444 959 528; x_wconf 75' lang='grc' dir='ltr'><em>δερματίων</em></span> <span class='ocrx_word' id='word_1_10' title='bbox 974 451 1125 525; x_wconf 78' lang='lat' dir='ltr'>aliquando</span> 
     </span>
     <span class='ocr_line' id='line_1_3' title="bbox 103 528 1125 612; baseline -0.001 -17"><span class='ocrx_word' id='word_1_11' title='bbox 103 537 155 612; x_wconf 75' lang='lat' dir='ltr'>leg.</span> <span class='ocrx_word' id='word_1_12' title='bbox 180 536 347 597; x_wconf 84' lang='lat' dir='ltr'>censuimus.</span> <span class='ocrx_word' id='word_1_13' title='bbox 378 535 432 593; x_wconf 87' lang='lat' dir='ltr'>Sed</span> <span class='ocrx_word' id='word_1_14' title='bbox 453 535 569 609; x_wconf 71' lang='lat' dir='ltr'>tortasse</span> <span class='ocrx_word' id='word_1_15' title='bbox 591 535 703 593; x_wconf 85' lang='lat' dir='ltr'>retineri</span> <span class='ocrx_word' id='word_1_16' title='bbox 725 536 810 593; x_wconf 84' lang='lat' dir='ltr'>satius</span> <span class='ocrx_word' id='word_1_17' title='bbox 833 545 884 600; x_wconf 87' lang='lat' dir='ltr'>est,</span> <span class='ocrx_word' id='word_1_18' title='bbox 908 544 939 592; x_wconf 91' lang='lat' dir='ltr'>ut</span> <span class='ocrx_word' id='word_1_19' title='bbox 954 528 1062 611; x_wconf 77' lang='grc' dir='ltr'><em>ἱμάτια</em></span> <span class='ocrx_word' id='word_1_20' title='bbox 1075 555 1125 611; x_wconf 85' lang='lat' dir='ltr'>pro</span> 
     </span>
     <span class='ocr_line' id='line_1_4' title="bbox 103 618 1128 698; baseline 0 -19"><span class='ocrx_word' id='word_1_21' title='bbox 103 622 202 698; x_wconf 76' lang='lat' dir='ltr'>penms</span> <span class='ocrx_word' id='word_1_22' title='bbox 223 629 375 685; x_wconf 78' lang='lat' dir='ltr'><strong>sumantur,</strong></span> <span class='ocrx_word' id='word_1_23' title='bbox 398 637 468 696; x_wconf 85' lang='lat' dir='ltr'>quaa</span> <span class='ocrx_word' id='word_1_24' title='bbox 492 628 533 676; x_wconf 91' lang='lat' dir='ltr'>est</span> <span class='ocrx_word' id='word_1_25' title='bbox 556 619 688 694; x_wconf 89' lang='lat' dir='ltr'>impilium</span> <span class='ocrx_word' id='word_1_26' title='bbox 709 620 825 679; x_wconf 89' lang='lat' dir='ltr'>istorum</span> <span class='ocrx_word' id='word_1_27' title='bbox 847 621 1023 696; x_wconf 89' lang='lat' dir='ltr'>udonumque</span> <span class='ocrx_word' id='word_1_28' title='bbox 1039 618 1128 679; x_wconf 61' lang='lat' dir='ltr'>malm</span> 
     </span>
     <span class='ocr_line' id='line_1_5' title="bbox 103 699 1127 781; baseline -0.001 -18"><span class='ocrx_word' id='word_1_29' title='bbox 103 708 152 771; x_wconf 76' lang='lat' dir='ltr'>ris</span> <span class='ocrx_word' id='word_1_30' title='bbox 182 706 242 765; x_wconf 86' lang='lat' dir='ltr'>Non</span> <span class='ocrx_word' id='word_1_31' title='bbox 266 706 337 763; x_wconf 85' lang='lat' dir='ltr'>enim</span> <span class='ocrx_word' id='word_1_32' title='bbox 359 705 455 762; x_wconf 74' lang='lat' dir='ltr'>{ascias</span> <span class='ocrx_word' id='word_1_33' title='bbox 477 704 590 779; x_wconf 86' lang='lat' dir='ltr'>pedules</span> <span class='ocrx_word' id='word_1_34' title='bbox 613 705 657 762; x_wconf 88' lang='lat' dir='ltr'>hic</span> <span class='ocrx_word' id='word_1_35' title='bbox 680 722 741 763; x_wconf 88' lang='lat' dir='ltr'>esse</span> <span class='ocrx_word' id='word_1_36' title='bbox 763 715 841 781; x_wconf 85' lang='lat' dir='ltr'>puto,</span> <span class='ocrx_word' id='word_1_37' title='bbox 865 706 913 764; x_wconf 87' lang='lat' dir='ltr'>sed</span> <span class='ocrx_word' id='word_1_38' title='bbox 927 699 1127 779; x_wconf 74' lang='grc' dir='ltr'><em>βαθέαῦπα-</em></span> 
     </span>
     <span class='ocr_line' id='line_1_6' title="bbox 102 784 1128 868; baseline 0 -20"><span class='ocrx_word' id='word_1_39' title='bbox 102 784 239 868; x_wconf 56' lang='lat' dir='ltr'>oppanso,</span> <span class='ocrx_word' id='word_1_40' title='bbox 261 792 315 848; x_wconf 88' lang='lat' dir='ltr'>hoo</span> <span class='ocrx_word' id='word_1_41' title='bbox 336 799 379 847; x_wconf 86' lang='lat' dir='ltr'>est</span> <span class='ocrx_word' id='word_1_42' title='bbox 401 807 497 848; x_wconf 88' lang='lat' dir='ltr'>soccos</span> <span class='ocrx_word' id='word_1_43' title='bbox 518 789 623 856; x_wconf 88' lang='lat' dir='ltr'>laneos,</span> <span class='ocrx_word' id='word_1_44' title='bbox 647 789 747 865; x_wconf 85' lang='lat' dir='ltr'>quibus</span> <span class='ocrx_word' id='word_1_45' title='bbox 768 790 933 858; x_wconf 82' lang='lat' dir='ltr'>calceantur,</span> <span class='ocrx_word' id='word_1_46' title='bbox 957 808 1013 849; x_wconf 88' lang='lat' dir='ltr'>non</span> <span class='ocrx_word' id='word_1_47' title='bbox 1031 791 1128 850; x_wconf 90' lang='lat' dir='ltr'>obvol-</span> 
     </span>
     <span class='ocr_line' id='line_1_7' title="bbox 102 876 319 951; baseline -0.005 -18"><span class='ocrx_word' id='word_1_48' title='bbox 102 887 204 935; x_wconf 89' lang='lat' dir='ltr'>vuntur</span> <span class='ocrx_word' id='word_1_49' title='bbox 226 876 319 951; x_wconf 84' lang='lat' dir='ltr'>pedes.</span> 
     </span>
    </p>

    <p class='ocr_par' dir='ltr' id='par_1_3' title="bbox 101 949 1130 1460">
     <span class='ocr_line' id='line_1_8' title="bbox 177 949 1128 1041; baseline 0 -23"><span class='ocrx_word' id='word_1_50' title='bbox 177 962 295 1020; x_wconf 85' lang='lat' dir='ltr'>5.04d</span> <span class='ocrx_word' id='word_1_51' title='bbox 327 952 368 1017; x_wconf 70' lang='grc' dir='ltr'>ἴτε</span> <span class='ocrx_word' id='word_1_52' title='bbox 391 952 476 1016; x_wconf 77' lang='grc' dir='ltr'>δὲ</span> <span class='ocrx_word' id='word_1_53' title='bbox 447 976 475 1014; x_wconf 85' lang='grc' dir='ltr'>αι</span> <span class='ocrx_word' id='word_1_54' title='bbox 498 954 529 1016; x_wconf 76' lang='grc' dir='ltr'>ἓν</span> <span class='ocrx_word' id='word_1_55' title='bbox 550 977 587 1037; x_wconf 83' lang='grc' dir='ltr'>τῃ</span> <span class='ocrx_word' id='word_1_56' title='bbox 573 949 746 1041; x_wconf 76' lang='grc' dir='ltr'>”Ἀφρικῇ]</span> <span class='ocrx_word' id='word_1_57' title='bbox 778 961 816 1017; x_wconf 81' lang='lat' dir='ltr'>lie</span> <span class='ocrx_word' id='word_1_58' title='bbox 831 961 977 1018; x_wconf 77' lang='lat' dir='ltr'>Donatistis</span> <span class='ocrx_word' id='word_1_59' title='bbox 992 961 1128 1021; x_wconf 81' lang='lat' dir='ltr'>levissrme</span> 
     </span>
     <span class='ocr_line' id='line_1_9' title="bbox 103 1042 1127 1121; baseline -0.001 -16"><span class='ocrx_word' id='word_1_60' title='bbox 103 1046 261 1121; x_wconf 84' lang='lat' dir='ltr'>defungitur</span> <span class='ocrx_word' id='word_1_61' title='bbox 275 1044 452 1120; x_wconf 82' lang='lat' dir='ltr'>Epiphanius,</span> <span class='ocrx_word' id='word_1_62' title='bbox 476 1043 557 1119; x_wconf 89' lang='lat' dir='ltr'>quod</span> <span class='ocrx_word' id='word_1_63' title='bbox 572 1042 680 1100; x_wconf 85' lang='lat' dir='ltr'>illorum</span> <span class='ocrx_word' id='word_1_64' title='bbox 703 1042 826 1101; x_wconf 76' lang='lat' dir='ltr'><strong>fortassis</strong></span> <span class='ocrx_word' id='word_1_65' title='bbox 850 1062 957 1103; x_wconf 87' lang='lat' dir='ltr'>errores</span> <span class='ocrx_word' id='word_1_66' title='bbox 974 1048 1046 1104; x_wconf 87' lang='lat' dir='ltr'>haud</span> <span class='ocrx_word' id='word_1_67' title='bbox 1062 1048 1127 1104; x_wconf 88' lang='lat' dir='ltr'>satis</span> 
     </span>
     <span class='ocr_line' id='line_1_10' title="bbox 101 1129 1130 1206; baseline -0.002 -15"><span class='ocrx_word' id='word_1_68' title='bbox 101 1140 283 1206; x_wconf 80' lang='lat' dir='ltr'>compererat.</span> <span class='ocrx_word' id='word_1_69' title='bbox 299 1130 396 1205; x_wconf 66' lang='lat' dir='ltr'>utqui</span> <span class='ocrx_word' id='word_1_70' title='bbox 417 1138 527 1204; x_wconf 87' lang='lat' dir='ltr'>praeter</span> <span class='ocrx_word' id='word_1_71' title='bbox 549 1129 665 1187; x_wconf 82' lang='lat' dir='ltr'><strong>schisma</strong></span> <span class='ocrx_word' id='word_1_72' title='bbox 688 1138 715 1186; x_wconf 84' lang='lat' dir='ltr'>et</span> <span class='ocrx_word' id='word_1_73' title='bbox 737 1131 905 1204; x_wconf 76' lang='lat' dir='ltr'>pertinacem</span> <span class='ocrx_word' id='word_1_74' title='bbox 924 1132 1065 1206; x_wconf 80' lang='lat' dir='ltr'>areliquis</span> <span class='ocrx_word' id='word_1_75' title='bbox 1082 1151 1130 1190; x_wconf 93' lang='lat' dir='ltr'>se-</span> 
     </span>
     <span class='ocr_line' id='line_1_11' title="bbox 102 1207 1126 1292; baseline 0 -17"><span class='ocrx_word' id='word_1_76' title='bbox 102 1218 257 1284; x_wconf 82' lang='lat' dir='ltr'>cessionem</span> <span class='ocrx_word' id='word_1_77' title='bbox 279 1214 409 1272; x_wconf 88' lang='lat' dir='ltr'>nonnulla</span> <span class='ocrx_word' id='word_1_78' title='bbox 432 1215 466 1272; x_wconf 89' lang='lat' dir='ltr'>de</span> <span class='ocrx_word' id='word_1_79' title='bbox 481 1216 514 1272; x_wconf 84' lang='lat' dir='ltr'>iis</span> <span class='ocrx_word' id='word_1_80' title='bbox 528 1214 674 1289; x_wconf 80' lang='lat' dir='ltr'>peculiaria</span> <span class='ocrx_word' id='word_1_81' title='bbox 689 1207 877 1290; x_wconf 88' lang='lat' dir='ltr'>dicipossent.</span> <span class='ocrx_word' id='word_1_82' title='bbox 910 1216 962 1274; x_wconf 84' lang='lat' dir='ltr'>Sed</span> <span class='ocrx_word' id='word_1_83' title='bbox 980 1235 1011 1274; x_wconf 86' lang='lat' dir='ltr'>ex</span> <span class='ocrx_word' id='word_1_84' title='bbox 1028 1218 1126 1292; x_wconf 88' lang='lat' dir='ltr'>Optati‚</span> 
     </span>
     <span class='ocr_line' id='line_1_12' title="bbox 103 1299 1129 1377; baseline 0 -18"><span class='ocrx_word' id='word_1_85' title='bbox 103 1301 265 1377; x_wconf 74' lang='lat' dir='ltr'>Augustini,</span> <span class='ocrx_word' id='word_1_86' title='bbox 295 1299 464 1376; x_wconf 87' lang='lat' dir='ltr'>aliorumque</span> <span class='ocrx_word' id='word_1_87' title='bbox 494 1300 601 1374; x_wconf 82' lang='lat' dir='ltr'>scriptis</span> <span class='ocrx_word' id='word_1_88' title='bbox 634 1308 691 1356; x_wconf 91' lang='lat' dir='ltr'>tum</span> <span class='ocrx_word' id='word_1_89' title='bbox 721 1317 753 1356; x_wconf 79' lang='lat' dir='ltr'>en</span> <span class='ocrx_word' id='word_1_90' title='bbox 775 1299 879 1359; x_wconf 83' lang='lat' dir='ltr'>Eccles.</span> <span class='ocrx_word' id='word_1_91' title='bbox 901 1302 1049 1358; x_wconf 81' lang='lat' dir='ltr'>Annalibus</span> <span class='ocrx_word' id='word_1_92' title='bbox 1071 1305 1129 1376; x_wconf 85' lang='lat' dir='ltr'>peti</span> 
     </span>
     <span class='ocr_line' id='line_1_13' title="bbox 103 1387 342 1460; baseline -0.021 -14"><span class='ocrx_word' id='word_1_93' title='bbox 103 1387 194 1446; x_wconf 87' lang='lat' dir='ltr'>omnia</span> <span class='ocrx_word' id='word_1_94' title='bbox 217 1393 342 1460; x_wconf 81' lang='lat' dir='ltr'>possunt.</span> 
     </span>
    </p>
   </div>
   <div class='ocr_carea' id='block_1_3' title="bbox 332 1604 1181 1693">
    <p class='ocr_par' dir='ltr' id='par_1_4' title="bbox 332 1604 1181 1693">
     <span class='ocr_line' id='line_1_14' title="bbox 332 1604 1181 1693; baseline -0.002 -33"><span class='ocrx_word' id='word_1_95' title='bbox 332 1606 375 1660; x_wconf 78' lang='lat' dir='ltr'>lo</span> <span class='ocrx_word' id='word_1_96' title='bbox 398 1604 565 1661; x_wconf 80' lang='lat' dir='ltr'><strong>HAERESIN</strong></span> <span class='ocrx_word' id='word_1_97' title='bbox 587 1605 630 1661; x_wconf 87' lang='lat' dir='ltr'>LX</span> <span class='ocrx_word' id='word_1_98' title='bbox 651 1605 900 1693; x_wconf 73' lang='lat' dir='ltr'>luculluouuu.</span> <span class='ocrx_word' id='word_1_99' title='bbox 1135 1607 1181 1658; x_wconf 80' lang='lat'>256</span> 
     </span>
    </p>
   </div>
   <div class='ocr_carea' id='block_1_4' title="bbox 103 1720 1255 2054">
    <p class='ocr_par' dir='ltr' id='par_1_5' title="bbox 103 1720 1255 2054">
     <span class='ocr_line' id='line_1_15' title="bbox 104 1720 1131 1798; baseline 0 -17"><span class='ocrx_word' id='word_1_100' title='bbox 104 1760 116 1793; x_wconf 68' lang='lat'>¹.</span> <span class='ocrx_word' id='word_1_101' title='bbox 190 1724 229 1781; x_wconf 86' lang='lat' dir='ltr'>De</span> <span class='ocrx_word' id='word_1_102' title='bbox 251 1723 293 1780; x_wconf 90' lang='lat' dir='ltr'>his</span> <span class='ocrx_word' id='word_1_103' title='bbox 316 1724 430 1798; x_wconf 78' lang='lat' dir='ltr'>August.</span> <span class='ocrx_word' id='word_1_104' title='bbox 454 1722 533 1780; x_wconf 90' lang='lat' dir='ltr'>llaer.</span> <span class='ocrx_word' id='word_1_105' title='bbox 552 1725 606 1783; x_wconf 84' lang='lat'>39:</span> <span class='ocrx_word' id='word_1_106' title='bbox 630 1720 766 1796; x_wconf 70' lang='lat' dir='ltr'>lapelioi,</span> <span class='ocrx_word' id='word_1_107' title='bbox 790 1725 887 1798; x_wconf 82' lang='lat' dir='ltr'>inquit,</span> <span class='ocrx_word' id='word_1_108' title='bbox 910 1725 941 1781; x_wconf 83' lang='lat' dir='ltr'>in</span> <span class='ocrx_word' id='word_1_109' title='bbox 961 1721 1131 1798; x_wconf 63' lang='lat' dir='ltr'>Anactorium</span> 
     </span>
     <span class='ocr_line' id='line_1_16' title="bbox 103 1807 1128 1883; baseline -0.002 -14"><span class='ocrx_word' id='word_1_110' title='bbox 103 1811 209 1869; x_wconf 77' lang='lat' dir='ltr'>cattam</span> <span class='ocrx_word' id='word_1_111' title='bbox 222 1809 363 1873; x_wconf 73' lang='lat' dir='ltr'>inclinati,</span> <span class='ocrx_word' id='word_1_112' title='bbox 376 1825 445 1880; x_wconf 81' lang='lat' dir='ltr'>quos</span> <span class='ocrx_word' id='word_1_113' title='bbox 455 1807 634 1880; x_wconf 79' lang='lat' dir='ltr'>Epiphanius</span> <span class='ocrx_word' id='word_1_114' title='bbox 649 1811 708 1864; x_wconf 79' lang='lat' dir='ltr'>iona</span> <span class='ocrx_word' id='word_1_115' title='bbox 723 1811 835 1866; x_wconf 80' lang='lat' dir='ltr'>omnino</span> <span class='ocrx_word' id='word_1_116' title='bbox 850 1811 986 1883; x_wconf 73' lang='lat' dir='ltr'>defecisse</span> <span class='ocrx_word' id='word_1_117' title='bbox 1001 1818 1128 1867; x_wconf 79' lang='lat' dir='ltr'>testator.</span> 
     </span>
     <span class='ocr_line' id='line_1_17' title="bbox 106 1884 1255 1972; baseline -0.001 -20"><span class='ocrx_word' id='word_1_118' title='bbox 106 1894 216 1952; x_wconf 78' lang='lat' dir='ltr'>Cultum</span> <span class='ocrx_word' id='word_1_119' title='bbox 240 1894 283 1950; x_wconf 90' lang='lat' dir='ltr'>hic</span> <span class='ocrx_word' id='word_1_120' title='bbox 305 1884 361 1968; x_wconf 78' lang='grc' dir='ltr'>τὴν</span> <span class='ocrx_word' id='word_1_121' title='bbox 383 1888 526 1971; x_wconf 79' lang='grc' dir='ltr'><em>λατρείαν</em></span> <span class='ocrx_word' id='word_1_122' title='bbox 548 1893 677 1968; x_wconf 79' lang='lat' dir='ltr'>intellige.</span> <span class='ocrx_word' id='word_1_123' title='bbox 708 1893 764 1950; x_wconf 81' lang='lat' dir='ltr'>Alia</span> <span class='ocrx_word' id='word_1_124' title='bbox 787 1886 1034 1972; x_wconf 72' lang='grc' dir='ltr'>τῶνᾌγγελικῶν</span> <span class='ocrx_word' id='word_1_125' title='bbox 1055 1897 1130 1953; x_wconf 88' lang='lat' dir='ltr'>notio</span> <span class='ocrx_word' id='word_1_126' title='bbox 1250 1909 1255 1917; x_wconf 77' lang='grc'><em>“</em></span> 
     </span>
     <span class='ocr_line' id='line_1_18' title="bbox 104 1978 821 2054; baseline -0.004 -15"><span class='ocrx_word' id='word_1_127' title='bbox 104 1979 139 2039; x_wconf 81' lang='lat' dir='ltr'>ab</span> <span class='ocrx_word' id='word_1_128' title='bbox 162 1980 215 2037; x_wconf 91' lang='lat' dir='ltr'>loci</span> <span class='ocrx_word' id='word_1_129' title='bbox 238 1978 378 2036; x_wconf 85' lang='lat' dir='ltr'>cuiusdam</span> <span class='ocrx_word' id='word_1_130' title='bbox 401 1979 510 2040; x_wconf 86' lang='lat' dir='ltr'>nomine</span> <span class='ocrx_word' id='word_1_131' title='bbox 531 1996 645 2054; x_wconf 87' lang='lat' dir='ltr'>prorsus</span> <span class='ocrx_word' id='word_1_132' title='bbox 668 1979 821 2036; x_wconf 84' lang='lat' dir='ltr'>reiieienda.</span> 
     </span>
    </p>
   </div>
   <div class='ocr_carea' id='block_1_5' title="bbox 307 2183 931 2293">
    <p class='ocr_par' dir='ltr' id='par_1_6' title="bbox 307 2183 931 2293">
     <span class='ocr_line' id='line_1_19' title="bbox 307 2183 931 2293; baseline 0.005 -39"><span class='ocrx_word' id='word_1_133' title='bbox 307 2199 350 2255; x_wconf 78' lang='lat' dir='ltr'>ro</span> <span class='ocrx_word' id='word_1_134' title='bbox 374 2196 541 2256; x_wconf 81' lang='lat' dir='ltr'>nlnansrn</span> <span class='ocrx_word' id='word_1_135' title='bbox 563 2183 617 2257; x_wconf 81' lang='lat' dir='ltr'>oxr</span> <span class='ocrx_word' id='word_1_136' title='bbox 640 2198 931 2293; x_wconf 78' lang='lat' dir='ltr'>rnosrouooaun.</span> 
     </span>
    </p>
   </div>
   <div class='ocr_carea' id='block_1_6' title="bbox 103 2308 1177 2904">
    <p class='ocr_par' dir='ltr' id='par_1_7' title="bbox 103 2308 1177 2904">
     <span class='ocr_line' id='line_1_20' title="bbox 196 2308 1131 2394; baseline 0.001 -20.91"><span class='ocrx_word' id='word_1_137' title='bbox 196 2319 254 2378; x_wconf 83' lang='lat'>508</span> <span class='ocrx_word' id='word_1_138' title='bbox 271 2335 295 2375; x_wconf 91' lang='lat' dir='ltr'>a.</span> <span class='ocrx_word' id='word_1_139' title='bbox 327 2311 378 2372; x_wconf 78' lang='grc' dir='ltr'>καὶ</span> <span class='ocrx_word' id='word_1_140' title='bbox 399 2308 440 2375; x_wconf 82' lang='grc' dir='ltr'>τὰ</span> <span class='ocrx_word' id='word_1_141' title='bbox 460 2311 678 2394; x_wconf 70' lang='grc' dir='ltr'>ἔγκαλίσματα]</span> <span class='ocrx_word' id='word_1_142' title='bbox 708 2318 763 2376; x_wconf 85' lang='lat' dir='ltr'>Nos</span> <span class='ocrx_word' id='word_1_143' title='bbox 785 2317 914 2392; x_wconf 85' lang='lat' dir='ltr'>pleraque</span> <span class='ocrx_word' id='word_1_144' title='bbox 936 2318 1131 2376; x_wconf 86' lang='lat' dir='ltr'>vocabulorum</span> 
     </span>
     <span class='ocr_line' id='line_1_21' title="bbox 103 2402 1132 2477; baseline -0.003 -15"><span class='ocrx_word' id='word_1_145' title='bbox 103 2402 224 2462; x_wconf 81' lang='lat' dir='ltr'>istorum</span> <span class='ocrx_word' id='word_1_146' title='bbox 245 2402 444 2476; x_wconf 79' lang='lat' dir='ltr'>explicavimus,</span> <span class='ocrx_word' id='word_1_147' title='bbox 469 2403 606 2475; x_wconf 88' lang='lat' dir='ltr'>quomodo</span> <span class='ocrx_word' id='word_1_148' title='bbox 628 2403 777 2476; x_wconf 86' lang='lat' dir='ltr'>potuimus.</span> <span class='ocrx_word' id='word_1_149' title='bbox 820 2402 935 2459; x_wconf 79' lang='lat' dir='ltr'>llelioius</span> <span class='ocrx_word' id='word_1_150' title='bbox 958 2403 985 2458; x_wconf 87' lang='lat' dir='ltr'>id</span> <span class='ocrx_word' id='word_1_151' title='bbox 1006 2413 1132 2477; x_wconf 86' lang='lat' dir='ltr'>praesta·</span> 
     </span>
     <span class='ocr_line' id='line_1_22' title="bbox 105 2481 1132 2563; baseline -0.002 -16"><span class='ocrx_word' id='word_1_152' title='bbox 105 2486 375 2561; x_wconf 67' lang='lat' dir='ltr'>nonuunquam</span> <span class='ocrx_word' id='word_1_153' title='bbox 398 2504 430 2542; x_wconf 84' lang='lat' dir='ltr'>ea</span> <span class='ocrx_word' id='word_1_154' title='bbox 451 2487 558 2544; x_wconf 88' lang='lat' dir='ltr'>notiora</span> <span class='ocrx_word' id='word_1_155' title='bbox 580 2486 690 2543; x_wconf 86' lang='lat' dir='ltr'>suerint.</span> <span class='ocrx_word' id='word_1_156' title='bbox 735 2486 787 2543; x_wconf 91' lang='lat' dir='ltr'>Pro</span> <span class='ocrx_word' id='word_1_157' title='bbox 811 2481 1017 2563; x_wconf 75' lang='grc' dir='ltr'>ἓνκαλίσματα</span> <span class='ocrx_word' id='word_1_158' title='bbox 1039 2488 1132 2562; x_wconf 89' lang='lat' dir='ltr'>suspi-</span> 
     </span>
     <span class='ocr_line' id='line_1_23' title="bbox 104 2563 1133 2671; baseline 0 -40"><span class='ocrx_word' id='word_1_159' title='bbox 104 2573 189 2637; x_wconf 81' lang='lat' dir='ltr'>nabar</span> <span class='ocrx_word' id='word_1_160' title='bbox 210 2573 265 2647; x_wconf 82' lang='lat' dir='ltr'>leg.</span> <span class='ocrx_word' id='word_1_161' title='bbox 282 2563 391 2671; x_wconf 72' lang='grc' dir='ltr'><em>χελύσρ</em></span> <span class='ocrx_word' id='word_1_162' title='bbox 393 2591 474 2643; x_wconf 77' lang='lat' dir='ltr'>rota,</span> <span class='ocrx_word' id='word_1_163' title='bbox 498 2589 567 2647; x_wconf 90' lang='lat' dir='ltr'>quae</span> <span class='ocrx_word' id='word_1_164' title='bbox 590 2580 655 2629; x_wconf 85' lang='lat' dir='ltr'>sunt</span> <span class='ocrx_word' id='word_1_165' title='bbox 676 2571 780 2635; x_wconf 84' lang='lat' dir='ltr'>Polluci</span> <span class='ocrx_word' id='word_1_166' title='bbox 806 2574 831 2637; x_wconf 91' lang='grc'>1,</span> <span class='ocrx_word' id='word_1_167' title='bbox 849 2574 1053 2634; x_wconf 76' lang='lat' dir='ltr'>tlstotumc&#39;oc.</span> <span class='ocrx_word' id='word_1_168' title='bbox 1099 2575 1133 2631; x_wconf 77' lang='lat' dir='ltr'>At</span> 
     </span>
     <span class='ocr_line' id='line_1_24' title="bbox 105 2647 1133 2735; baseline -0.001 -19"><span class='ocrx_word' id='word_1_169' title='bbox 105 2675 159 2735; x_wconf 84' lang='lat' dir='ltr'>pro</span> <span class='ocrx_word' id='word_1_170' title='bbox 182 2650 288 2729; x_wconf 79' lang='grc' dir='ltr'><em>ὀκνῶν,</em></span> <span class='ocrx_word' id='word_1_171' title='bbox 312 2647 420 2729; x_wconf 79' lang='grc' dir='ltr'><em>ὀλκῶν,</em></span> <span class='ocrx_word' id='word_1_172' title='bbox 443 2674 513 2732; x_wconf 89' lang='lat' dir='ltr'>quae</span> <span class='ocrx_word' id='word_1_173' title='bbox 534 2657 607 2713; x_wconf 87' lang='lat' dir='ltr'>inter</span> <span class='ocrx_word' id='word_1_174' title='bbox 628 2647 757 2713; x_wconf 81' lang='grc' dir='ltr'>ναυτικὰ</span> <span class='ocrx_word' id='word_1_175' title='bbox 777 2650 869 2732; x_wconf 77' lang='grc' dir='ltr'><em>σκεύη</em></span> <span class='ocrx_word' id='word_1_176' title='bbox 893 2657 926 2714; x_wconf 87' lang='lat' dir='ltr'>ab</span> <span class='ocrx_word' id='word_1_177' title='bbox 950 2659 1045 2716; x_wconf 87' lang='lat' dir='ltr'>eodem</span> <span class='ocrx_word' id='word_1_178' title='bbox 1067 2677 1133 2734; x_wconf 88' lang='lat' dir='ltr'>per-</span> 
     </span>
     <span class='ocr_line' id='line_1_25' title="bbox 105 2734 1131 2820; baseline 0 -19"><span class='ocrx_word' id='word_1_179' title='bbox 105 2752 257 2809; x_wconf 78' lang='lat' dir='ltr'>nensentur</span> <span class='ocrx_word' id='word_1_180' title='bbox 283 2745 329 2808; x_wconf 84' lang='lat'>10,</span> <span class='ocrx_word' id='word_1_181' title='bbox 348 2745 397 2800; x_wconf 86' lang='grc'>30</span> <span class='ocrx_word' id='word_1_182' title='bbox 427 2742 461 2799; x_wconf 83' lang='lat' dir='ltr'>Et</span> <span class='ocrx_word' id='word_1_183' title='bbox 475 2741 572 2799; x_wconf 87' lang='lat' dir='ltr'>Suidas</span> <span class='ocrx_word' id='word_1_184' title='bbox 594 2742 631 2798; x_wconf 90' lang='lat' dir='ltr'>ait</span> <span class='ocrx_word' id='word_1_185' title='bbox 647 2759 708 2799; x_wconf 87' lang='lat' dir='ltr'>esse</span> <span class='ocrx_word' id='word_1_186' title='bbox 723 2734 758 2800; x_wconf 85' lang='grc' dir='ltr'>τὸ</span> <span class='ocrx_word' id='word_1_187' title='bbox 773 2744 828 2818; x_wconf 81' lang='grc' dir='ltr'>τῆς</span> <span class='ocrx_word' id='word_1_188' title='bbox 842 2736 989 2820; x_wconf 79' lang='grc' dir='ltr'><em>τρόπιδος</em></span> <span class='ocrx_word' id='word_1_189' title='bbox 1003 2737 1131 2820; x_wconf 72' lang='grc' dir='ltr'>ἕκταμα.</span> 
     </span>
     <span class='ocr_line' id='line_1_26' title="bbox 105 2819 1177 2904; baseline 0 -17"><span class='ocrx_word' id='word_1_190' title='bbox 105 2826 251 2887; x_wconf 79' lang='lat' dir='ltr'>Postremo</span> <span class='ocrx_word' id='word_1_191' title='bbox 274 2819 372 2902; x_wconf 80' lang='grc' dir='ltr'><em>αὐχὴν</em></span> <span class='ocrx_word' id='word_1_192' title='bbox 386 2827 489 2885; x_wconf 83' lang='lat' dir='ltr'>Polluci</span> <span class='ocrx_word' id='word_1_193' title='bbox 511 2844 574 2901; x_wconf 88' lang='lat' dir='ltr'>pars</span> <span class='ocrx_word' id='word_1_194' title='bbox 597 2835 640 2884; x_wconf 90' lang='lat' dir='ltr'>est</span> <span class='ocrx_word' id='word_1_195' title='bbox 661 2827 793 2901; x_wconf 85' lang='lat' dir='ltr'>quaedam</span> <span class='ocrx_word' id='word_1_196' title='bbox 816 2828 891 2894; x_wconf 88' lang='lat' dir='ltr'>clavi,</span> <span class='ocrx_word' id='word_1_197' title='bbox 915 2829 971 2887; x_wconf 86' lang='lat' dir='ltr'>sive</span> <span class='ocrx_word' id='word_1_198' title='bbox 993 2829 1134 2904; x_wconf 78' lang='lat' dir='ltr'>guberna·</span> <span class='ocrx_word' id='word_1_199' title='bbox 1168 2861 1177 2904; x_wconf 76' lang='lat'>².</span> 
     </span>
    </p>
   </div>
   <div class='ocr_carea' id='block_1_7' title="bbox 93 2904 1135 3674">
    <p class='ocr_par' dir='ltr' id='par_1_8' title="bbox 106 2904 1132 3072">
     <span class='ocr_line' id='line_1_27' title="bbox 106 2904 1132 2988; baseline 0.001 -19"><span class='ocrx_word' id='word_1_200' title='bbox 106 2913 172 2979; x_wconf 80' lang='lat' dir='ltr'>culi.</span> <span class='ocrx_word' id='word_1_201' title='bbox 207 2912 350 2970; x_wconf 86' lang='lat' dir='ltr'>Eustathio</span> <span class='ocrx_word' id='word_1_202' title='bbox 373 2929 436 2970; x_wconf 83' lang='lat' dir='ltr'>vero</span> <span class='ocrx_word' id='word_1_203' title='bbox 460 2904 560 2986; x_wconf 77' lang='grc' dir='ltr'><em>αὐχὴν</em></span> <span class='ocrx_word' id='word_1_204' title='bbox 581 2921 607 2970; x_wconf 83' lang='lat' dir='ltr'>et</span> <span class='ocrx_word' id='word_1_205' title='bbox 631 2904 770 2987; x_wconf 73' lang='grc' dir='ltr'>αὐχένων</span> <span class='ocrx_word' id='word_1_206' title='bbox 791 2931 841 2988; x_wconf 91' lang='lat' dir='ltr'>pro</span> <span class='ocrx_word' id='word_1_207' title='bbox 864 2923 923 2971; x_wconf 87' lang='lat' dir='ltr'>toto</span> <span class='ocrx_word' id='word_1_208' title='bbox 945 2914 1132 2988; x_wconf 80' lang='lat' dir='ltr'>gubernaculo</span> 
     </span>
     <span class='ocr_line' id='line_1_28' title="bbox 106 2996 738 3097; baseline 0 -42"><span class='ocrx_word' id='word_1_209' title='bbox 106 2997 235 3063; x_wconf 81' lang='lat' dir='ltr'>sumitur,</span> <span class='ocrx_word' id='word_1_210' title='bbox 259 2996 333 3071; x_wconf 88' lang='lat' dir='ltr'>quod</span> <span class='ocrx_word' id='word_1_211' title='bbox 355 2997 419 3054; x_wconf 86' lang='lat' dir='ltr'>huie</span> <span class='ocrx_word' id='word_1_212' title='bbox 440 2996 501 3054; x_wconf 90' lang='lat' dir='ltr'>loco</span> <span class='ocrx_word' id='word_1_213' title='bbox 525 3015 580 3054; x_wconf 88' lang='lat' dir='ltr'>non</span> <span class='ocrx_word' id='word_1_214' title='bbox 603 2998 738 3097; x_wconf 74' lang='lat' dir='ltr'>congruit</span> 
     </span>
    </p>

    <p class='ocr_par' dir='ltr' id='par_1_9' title="bbox 93 3057 1135 3671">
     <span class='ocr_line' id='line_1_29' title="bbox 107 3057 1133 3159; baseline -0.003 -19"><span class='ocrx_word' id='word_1_215' title='bbox 107 3117 130 3153; x_wconf 68' lang='grc'>,,-,</span> <span class='ocrx_word' id='word_1_216' title='bbox 198 3085 299 3140; x_wconf 72' lang='lat' dir='ltr'>ulla.</span> <span class='ocrx_word' id='word_1_217' title='bbox 331 3077 382 3139; x_wconf 80' lang='grc' dir='ltr'>δεῖ</span> <span class='ocrx_word' id='word_1_218' title='bbox 392 3076 432 3138; x_wconf 76' lang='grc' dir='ltr'>δὲ</span> <span class='ocrx_word' id='word_1_219' title='bbox 453 3101 504 3139; x_wconf 84' lang='grc' dir='ltr'>και</span> <span class='ocrx_word' id='word_1_220' title='bbox 497 3073 696 3158; x_wconf 70' lang='grc' dir='ltr'><strong><em>παραδόσει</em></strong></span> <span class='ocrx_word' id='word_1_221' title='bbox 720 3081 905 3159; x_wconf 70' lang='grc' dir='ltr'><em>κεχρῆσθαι]</em></span> <span class='ocrx_word' id='word_1_222' title='bbox 942 3057 1066 3156; x_wconf 82' lang='lat' dir='ltr'>insignis</span> <span class='ocrx_word' id='word_1_223' title='bbox 1089 3082 1133 3138; x_wconf 91' lang='lat' dir='ltr'>hio</span> 
     </span>
     <span class='ocr_line' id='line_1_30' title="bbox 103 3166 1133 3231; baseline -0.002 -4"><span class='ocrx_word' id='word_1_224' title='bbox 103 3166 187 3227; x_wconf 67' lang='lat' dir='ltr'>heus</span> <span class='ocrx_word' id='word_1_225' title='bbox 208 3167 242 3222; x_wconf 91' lang='lat' dir='ltr'>ad</span> <span class='ocrx_word' id='word_1_226' title='bbox 262 3167 711 3231; x_wconf 78' lang='lat' dir='ltr'>EcclesiastioarumTraditionum</span> <span class='ocrx_word' id='word_1_227' title='bbox 733 3168 927 3225; x_wconf 84' lang='lat' dir='ltr'>authoritatem</span> <span class='ocrx_word' id='word_1_228' title='bbox 950 3166 1133 3231; x_wconf 83' lang='lat' dir='ltr'>asserendam.</span> 
     </span>
     <span class='ocr_line' id='line_1_31' title="bbox 106 3251 1131 3326; baseline -0.004 -13"><span class='ocrx_word' id='word_1_229' title='bbox 106 3251 159 3313; x_wconf 70' lang='lat' dir='ltr'>(lui</span> <span class='ocrx_word' id='word_1_230' title='bbox 186 3268 332 3326; x_wconf 81' lang='lat' dir='ltr'>germanus</span> <span class='ocrx_word' id='word_1_231' title='bbox 362 3261 405 3308; x_wconf 88' lang='lat' dir='ltr'>est</span> <span class='ocrx_word' id='word_1_232' title='bbox 433 3251 478 3311; x_wconf 88' lang='lat' dir='ltr'>ille</span> <span class='ocrx_word' id='word_1_233' title='bbox 506 3252 594 3309; x_wconf 84' lang='lat' dir='ltr'>Basilii</span> <span class='ocrx_word' id='word_1_234' title='bbox 622 3252 655 3309; x_wconf 89' lang='lat' dir='ltr'>ad</span> <span class='ocrx_word' id='word_1_235' title='bbox 682 3251 862 3326; x_wconf 67' lang='lat' dir='ltr'>alophilus</span> <span class='ocrx_word' id='word_1_236' title='bbox 887 3251 991 3325; x_wconf 84' lang='lat' dir='ltr'>Spiritu</span> <span class='ocrx_word' id='word_1_237' title='bbox 1020 3260 1131 3316; x_wconf 84' lang='lat' dir='ltr'>sancto</span> 
     </span>
     <span class='ocr_line' id='line_1_32' title="bbox 104 3325 1134 3440; baseline -0.004 -45"><span class='ocrx_word' id='word_1_238' title='bbox 104 3333 226 3405; x_wconf 73' lang='grc' dir='ltr'><em>,τῶνὲν</em></span> <span class='ocrx_word' id='word_1_239' title='bbox 245 3338 285 3440; x_wconf 82' lang='grc' dir='ltr'>τῇ</span> <span class='ocrx_word' id='word_1_240' title='bbox 308 3328 452 3440; x_wconf 72' lang='grc' dir='ltr'><strong><em>ἐκκλησία</em></strong></span> <span class='ocrx_word' id='word_1_241' title='bbox 472 3330 713 3437; x_wconf 71' lang='grc' dir='ltr'>περαλαγμέναν</span> <span class='ocrx_word' id='word_1_242' title='bbox 731 3325 895 3412; x_wconf 74' lang='grc' dir='ltr'><em>δογμάτων</em></span> <span class='ocrx_word' id='word_1_243' title='bbox 909 3354 959 3392; x_wconf 86' lang='grc' dir='ltr'>και</span> <span class='ocrx_word' id='word_1_244' title='bbox 974 3326 1134 3414; x_wconf 76' lang='grc' dir='ltr'><em>κηρυγμά-</em></span> 
     </span>
     <span class='ocr_line' id='line_1_33' title="bbox 105 3412 1135 3500; baseline -0.004 -19"><span class='ocrx_word' id='word_1_245' title='bbox 105 3439 188 3492; x_wconf 61' lang='grc' dir='ltr'>μων,</span> <span class='ocrx_word' id='word_1_246' title='bbox 217 3416 257 3478; x_wconf 77' lang='grc' dir='ltr'>τὰ</span> <span class='ocrx_word' id='word_1_247' title='bbox 284 3415 376 3495; x_wconf 76' lang='grc' dir='ltr'>μὲν</span> <span class='ocrx_word' id='word_1_248' title='bbox 363 3440 395 3478; x_wconf 73' lang='grc' dir='ltr'>εκ</span> <span class='ocrx_word' id='word_1_249' title='bbox 417 3424 471 3497; x_wconf 82' lang='grc' dir='ltr'>τῆς</span> <span class='ocrx_word' id='word_1_250' title='bbox 492 3412 647 3500; x_wconf 76' lang='grc' dir='ltr'>ἐγγράφου</span> <span class='ocrx_word' id='word_1_251' title='bbox 670 3413 913 3488; x_wconf 62' lang='grc' dir='ltr'>διδασκαὶἩας</span> <span class='ocrx_word' id='word_1_252' title='bbox 893 3437 1015 3494; x_wconf 70' lang='grc' dir='ltr'><em>εχομεν,</em></span> <span class='ocrx_word' id='word_1_253' title='bbox 1038 3415 1078 3478; x_wconf 78' lang='grc' dir='ltr'>τὰ</span> <span class='ocrx_word' id='word_1_254' title='bbox 1101 3415 1135 3477; x_wconf 77' lang='grc' dir='ltr'>δὲ</span> 
     </span>
     <span class='ocr_line' id='line_1_34' title="bbox 106 3498 1135 3606; baseline -0.003 -41"><span class='ocrx_word' id='word_1_255' title='bbox 106 3500 143 3575; x_wconf 63' lang='grc' dir='ltr'>ἐκ</span> <span class='ocrx_word' id='word_1_256' title='bbox 171 3506 226 3581; x_wconf 76' lang='grc' dir='ltr'>τῆς</span> <span class='ocrx_word' id='word_1_257' title='bbox 254 3508 315 3564; x_wconf 81' lang='grc' dir='ltr'>τῶν</span> <span class='ocrx_word' id='word_1_258' title='bbox 342 3498 522 3564; x_wconf 76' lang='grc' dir='ltr'><em>ἀποστόλων</em></span> <span class='ocrx_word' id='word_1_259' title='bbox 548 3498 759 3606; x_wconf 71' lang='grc' dir='ltr'><em>παραδόσεως</em></span> <span class='ocrx_word' id='word_1_260' title='bbox 781 3498 1019 3565; x_wconf 55' lang='grc' dir='ltr'>διαδαθῦτας</span> <span class='ocrx_word' id='word_1_261' title='bbox 1000 3508 1076 3582; x_wconf 78' lang='grc' dir='ltr'><em>ημῖν</em></span> <span class='ocrx_word' id='word_1_262' title='bbox 1103 3501 1135 3563; x_wconf 75' lang='grc' dir='ltr'>ἐν</span> 
     </span>
     <span class='ocr_line' id='line_1_35' title="bbox 93 3579 1135 3674; baseline -0.001 -26"><span class='ocrx_word' id='word_1_263' title='bbox 93 3585 261 3674; x_wconf 76' lang='grc' dir='ltr'><em>’μαστηρί</em></span> <span class='ocrx_word' id='word_1_264' title='bbox 246 3610 270 3649; x_wconf 86' lang='grc' dir='ltr'><em>α</em></span> <span class='ocrx_word' id='word_1_265' title='bbox 292 3582 459 3671; x_wconf 68' lang='grc' dir='ltr'><em>ααρεδεξάρ</em></span> <span class='ocrx_word' id='word_1_266' title='bbox 460 3589 546 3648; x_wconf 56' lang='lat' dir='ltr'>reto·</span> <span class='ocrx_word' id='word_1_267' title='bbox 571 3579 648 3667; x_wconf 79' lang='grc' dir='ltr'><em>ἅπερ</em></span> <span class='ocrx_word' id='word_1_268' title='bbox 670 3581 836 3670; x_wconf 74' lang='grc' dir='ltr'><em>αμρότερα</em></span> <span class='ocrx_word' id='word_1_269' title='bbox 858 3582 973 3666; x_wconf 68' lang='grc' dir='ltr'>τῆν’</span> <span class='ocrx_word' id='word_1_270' title='bbox 936 3583 1032 3668; x_wconf 78' lang='grc' dir='ltr'>αυτὴν</span> <span class='ocrx_word' id='word_1_271' title='bbox 1048 3582 1135 3667; x_wconf 69' lang='grc' dir='ltr'><em>Ῑσχίν</em></span> 
     </span>
    </p>
   </div>
   <div class='ocr_carea' id='block_1_8' title="bbox 0 0 1276 4154">
    <p class='ocr_par' dir='ltr' id='par_1_10' title="bbox 0 0 1276 4154">
     <span class='ocr_line' id='line_1_36' title="bbox 0 0 1276 4154; baseline 0 0"><span class='ocrx_word' id='word_1_272' title='bbox 0 0 1276 4154; x_wconf 95' lang='lat' dir='ltr'> </span> 
     </span>
    </p>
   </div>
  </div>
 </body>
</html>
