2534 4154
139 333 208 377 ων
528 344 533 355 ·
549 327 575 377 S.
595 325 742 376 EPll’lthll

139 502 262 558 nos-pro
285 498 368 556 opere
391 483 447 548 llei,
471 482 543 557 quod
566 482 593 538 in
615 480 843 546 aedificationem,
870 488 898 535 et
920 495 974 535 noo
996 479 1025 534 in
1047 479 1160 540 destru-

130 563 257 628 ¹ctionem
280 569 391 624 fratrum
413 567 513 623 lactum
536 565 611 623 estl”

226 656 274 711 20.
320 653 454 709 Hactenus
477 652 651 726 Epiphanius,
674 651 740 724 ipsis
764 651 806 708 his
828 648 915 706 verbis
938 649 1003 706 satis
1025 649 1157 716 indicans,

140 739 192 795 iam
214 748 273 795 tum
295 747 435 810 receptum
457 737 483 792 in
506 737 624 792 Ecclesia
646 737 738 799 luisse,
763 735 978 796 utmonasteria
995 735 1090 792 saltem
1105 735 1159 791 ali—

140 840 193 896 qua
222 824 313 896 (quale
341 831 399 878 erat
428 822 620 877 monasterium
650 821 677 877 S.
694 820 834 894 Epiphanii
858 821 951 876 “iusta
972 820 1157 877 besanducem

139 907 235 982 vicum,
258 908 285 962 in
312 906 448 962 territorio
464 905 759 978 Eleutheropolitano,’‘
782 905 855 978 quod
870 903 903 960 ali
920 905 1009 978 iuopia
1025 922 1157 980 aquarum

140 992 346 1066 “Spanydrion”
369 991 531 1064 appellatum
554 991 648 1046 scribit
670 991 925 1064 pseudo-loannes,
950 989 996 1045 ubi
1018 990 1087 1046 lacta
1109 1007 1160 1046 or-

140 1077 257 1141 dinatio,
282 1086 309 1133 et
331 1076 446 1132 alterum
469 1076 711 1150 “peregrinorum''
740 1076 934 1131 morrachorum
961 1074 989 1129 in
1006 1075 1155 1141 bethleem,

140 1161 211 1219 unde
233 1161 405 1217 Paulinianus
433 1161 466 1215 ad
487 1161 666 1234 Epiphaniam
688 1159 809 1229 venerat)
832 1168 956 1232 exempta
978 1168 1160 1216 censerentur

137 1246 174 1303 ab
195 1246 322 1303 ordinarii
344 1246 542 1302 iurisdictione:
566 1246 602 1301 ita
625 1254 655 1300 ut
670 1247 824 1318 quicunque
839 1245 984 1317 episcopus
999 1245 1026 1301 in
1041 1245 1074 1300 iis
1089 1262 1159 1318 pos·
1191 1264 1194 1270 ·

139 1340 191 1396 set,
213 1332 235 1386 si
252 1341 404 1404 rogaretur,
428 1331 493 1404 ipsis
509 1330 648 1386 monachis
665 1347 756 1386 sacros
771 1329 896 1386 conferre
912 1329 1031 1385 ordines.
1062 1329 1158 1402 Pergit

139 1432 221 1490 porro
245 1416 411 1489 Epiphanius
434 1432 562 1472 excusare
585 1432 614 1469 se
637 1415 729 1469 loanni
752 1415 793 1470 his
816 1414 919 1470 verbis:
944 1414 1019 1470 “Sed
1041 1423 1068 1470 et
1090 1414 1156 1470 illud

139 1502 315 1558 vehementer
336 1500 482 1556 admiratus
504 1517 564 1554 sum
587 1499 660 1571 quod
681 1499 749 1555 meis
766 1499 874 1556 locutus
890 1515 920 1555 es
936 1498 1055 1565 clericis;
1078 1517 1159 1556 asse-

139 1603 203 1643 rens
227 1595 252 1642 te
275 1603 324 1659 per
346 1593 467 1641 sanctum
490 1582 678 1657 presbyterum
694 1593 722 1640 et
736 1583 861 1640 abbatem
876 1584 1072 1640 monachorum
1088 1585 1158 1640 Gre-

38 1676 42 1683 '
138 1671 246 1744 gorium
268 1671 409 1725 mandasse
431 1669 505 1733 mihi,
529 1685 563 1724 ne
587 1685 749 1741 quemquam
771 1668 939 1735 ordinarem3
961 1677 990 1725 et
1008 1685 1059 1742 ego
1075 1669 1158 1742 polli-

139 1756 209 1813 citus
238 1755 289 1810 sim
318 1754 424 1808 dicens:
456 1753 582 1827 Nunquid
610 1754 712 1809 iuvenis
741 1772 801 1810 sum
830 1762 876 1809 aut
899 1771 1017 1811 canones
1039 1749 1158 1827 ignoro'l

139 1838 207 1895 lludi
230 1838 312 1910 igitur
335 1840 471 1893 veritatem
496 1838 522 1892 in
544 1856 669 1894 sermone
694 1839 748 1903 llei,
773 1856 815 1895 me
831 1857 881 1895 nec
897 1840 950 1895 hoc
964 1838 1081 1903 audisse,
1105 1855 1157 1894 nec

138 1922 247 1987 nesse,
266 1939 316 1977 nec
339 1922 415 1976 istius
438 1923 571 1978 sermonis
594 1925 701 1996 penitus
723 1925 870 1980 recordari.
914 1924 1073 1997 Suspicatus
1096 1941 1157 1979 sum

139 2023 182 2074 ne¹
195 2006 308 2062 forsitan
331 2006 402 2061 inter
424 2006 516 2072 multa,
540 2009 615 2082 qnasi
632 2009 723 2072 homo,
746 2009 853 2073 oblitus,
865 2026 968 2074 essem3
993 2018 1020 2064 et
1035 2008 1070 2064 ob
1086 2009 1156 2065 hanc

139 2107 247 2147 causam
269 2099 392 2146 sanctum
409 2091 567 2164 Gregorium
586 2093 737 2148 sciscitatus
753 2111 822 2159 sum,
846 2102 874 2149 et
889 2094 1024 2151 Zenonem
1040 2093 1158 2168 presby-

100 2180 107 2191 “
139 2184 228 2235 terum
256 2176 303 2250 qui
331 2193 392 2232 cum
414 2193 447 2233 ao
471 2187 522 2233 est.
567 2178 586 2232 E
609 2177 708 2252 quihus
730 2178 814 2234 abbas
837 2179 983 2252 Gregorius
1005 2179 1157 2252 respondit,

138 2277 170 2319 se
198 2263 251 2318 hoc
279 2262 387 2334 penitus
415 2262 550 2335 ignorare.
594 2263 685 2318 Zenon
714 2273 805 2319 autem
834 2263 912 2329 dixit,
949 2264 1012 2336 quia
1041 2281 1103 2320 cum
1132 2264 1157 2320 ei

138 2347 282 2420 presbyter
297 2347 419 2404 Rullinus
442 2348 534 2404 nescio
557 2365 626 2421 quae
648 2348 698 2404 alia
714 2349 868 2405 transitorie
883 2348 1051 2422 loqueretur,
1076 2349 1157 2405 etiam
1239 2355 1244 2365 '

138 2433 192 2489 boe
214 2432 323 2489 dixerit:
347 2432 466 2489 Putasne
488 2432 593 2508 aliquos
616 2433 789 2490 ordinaturus
808 2443 850 2490 cst
865 2443 975 2491 sanctus
991 2431 1159 2508 episcopus?

140 2524 168 2572 et
189 2517 302 2572 huiusce
325 2518 434 2574 stetisse
457 2535 625 2574 sermonem:
649 2536 700 2591 ego
718 2527 808 2575 autem
823 2519 988 2594 Epiphanius
1004 2536 1054 2577 nec
1069 2518 1157 2574 audivi

138 2599 293 2673 quidquam,
317 2618 367 2657 nec
390 2604 527 2675 respondi.
558 2605 648 2669 Unde,
671 2604 852 2669 dilectissime,
876 2622 931 2660 nou
953 2614 980 2661 te
1002 2604 1159 2678 praeveniat

138 2684 229 2748 furor,
260 2701 310 2740 nec
333 2695 448 2758 occupet
471 2688 633 2760 indignatio,
663 2706 714 2744 nec
736 2690 836 2745 trustra
858 2689 1004 2744 movearis:
1035 2698 1063 2745 et
1085 2688 1157 2745 aliud

139 2767 234 2825 dolens
257 2786 312 2824 nou
336 2779 361 2825 te
384 2778 471 2826 vertas
494 2771 609 2836 adalia,
633 2781 663 2827 ut
685 2774 814 2845 peccandi
836 2771 1007 2828 occasionem
1022 2773 1157 2830 invenisse

137 2852 265 2919 videaris
296 2854 368 2926 qnod
390 2854 528 2926 Propheta
555 2855 675 2911 devitans
704 2856 846 2911 Dominum
877 2863 1017 2929 precatur,
1048 2857 1156 2913 dicens:
1182 2895 1196 2917 .

129 2937 203 2997 Non
224 2939 348 2994 declines
370 2955 419 2993 cor
439 2955 529 2995 meum
550 2941 580 2996 io
602 2942 690 2995 verbo
710 2941 837 2997 malitiae
859 2942 899 3004 od
912 2943 1092 2996 excusandae
1107 2956 1158 2996 eo·

138 3024 296 3080 ouationes
318 3025 348 3080 io
366 3025 493 3096 peccatis
515 3023 530 3095 (
532 3025 608 3082 Ptol.
627 3024 707 3089 CXL,
724 3029 741 3083 4
744 3027 759 3098 )
767 3025 790 3080 '’.
820 3024 923 3098 Nempe
945 3023 1054 3081 dolebat
1076 3025 1158 3080 loan-

138 3117 210 3172 n'em,
234 3108 307 3182 quod
329 3126 379 3182 pro
403 3109 579 3182 origenianae
601 3111 721 3166 haeresis
744 3109 902 3167 defensione
924 3109 1020 3167 luisset
1042 3110 1075 3166 ab
1091 3110 1158 3184 Epi·

138 3194 238 3266 phanio
260 3202 419 3266 correptum
442 3204 469 3251 et
491 3211 523 3250 en
545 3195 578 3251 da
601 3212 681 3251 causa
703 3195 864 3252 dissidentes
887 3194 920 3250 ab
943 3212 976 3252 eo
996 3195 1042 3269 qui
1058 3195 1158 3253 lliero-

138 3295 219 3350 nymo
242 3278 425 3336 adhaerebant
446 3281 603 3345 monachos,
627 3281 685 3353 ipse
707 3279 763 3336 suis
786 3278 907 3353 epistolis
929 3280 1094 3355 monitisque
1109 3299 1158 3338 ro-

139 3361 249 3419 boraret
270 3365 304 3420 ad
325 3365 502 3420 constantiam
525 3364 552 3420 in
575 3364 742 3438 repudiando
759 3365 892 3439 Origenc;
913 3382 1002 3439 eaque
1024 3366 1156 3423 decanea

138 3455 247 3503 vexatos
269 3465 284 3504 a
307 3448 406 3505 loaune
428 3449 616 3506 consolaretur
637 3458 719 3521 atque
741 3450 852 3507 iuvaret.

225 3533 273 3589 21.
304 3533 337 3588 Et
358 3534 410 3590 hoc
433 3542 483 3600 est,
507 3550 562 3607 quo
584 3534 684 3608 stylum
707 3535 787 3591 vertit
801 3535 976 3609 Epiphanius,
1000 3536 1035 3592 ita
1057 3551 1157 3609 prose-

137 3607 226 3691 quens
247 3626 371 3692 coeptam
386 3618 542 3692 epistolam:
568 3619 655 3675 “lllud
671 3636 781 3694 quoque
796 3621 907 3679 audiens
923 3620 1068 3679 admiratus
1083 3635 1156 3686 sum,
