2534 4154
472 328 762 379 ruruxoruasrouas.
1066 315 1131 378 159-

116 479 233 547 luxerit,
264 481 343 538 nohis
364 483 499 556 integrum
522 501 576 539 non
598 493 656 550 est,
684 493 740 541 tam
762 484 894 540 illustrem
916 483 1126 558 disputationem

117 567 218 624 silentio
241 567 466 640 praetermittere

196 651 342 726 [Sequitur
356 651 491 709 Excursus
506 653 539 708 tv
561 669 614 727 quo
636 649 794 711 Anatolii'
783 656 902 727 susionis
924 639 1001 710 loeus
1023 662 1159 728 euporo

113 738 186 793 ditur
208 753 236 810 p.
249 739 345 796 188-
311 738 437 834 -201.]
517 760 520 765 ·

195 809 402 897 4481.ἥτις
433 816 570 897 ἐμπίπτει
604 813 702 878 dab
688 823 764 880 ετῶν
790 823 896 901 τριῶν]
942 823 1075 898 lleplerus
1106 807 1177 902 ᾖ1111

111 925 164 964 τινι
186 906 264 980 legit.

195 994 297 1049 4492.
327 986 379 1047 καὶ
400 982 496 1059 ἄλλας
516 983 581 1048 κατ’
600 984 666 1059 ἔτος
679 986 831 1070 τέσσαρας
845 982 940 1068 ὥρας]
973 944 1133 1051 Cuiusmodi

110 1077 150 1132 llll
174 1069 284 1133 constat
303 1069 339 1133 τὸ
361 1071 566 1153 νυχθήμερον.
595 1077 660 1133 llam
682 1078 749 1134 hora
770 1077 842 1150 apud
857 1078 1036 1194 Epiphaniam
1059 1080 1128 1137 duae

110 1170 172 1219 snut
194 1161 405 1234 aequinoctiales
427 1162 520 1218 horae.

193 1238 236 1313 ὡς
257 1235 331 1302 εἶναι
353 1242 396 1314 εις
415 1237 456 1303 τὰ
476 1242 548 1324 τρία
570 1239 633 1321 ἔτη]
677 1246 742 1303 Vide
770 1263 840 1321 quae
863 1249 989 1321 superius
1012 1247 1171 1304 adnota-

108 1331 203 1407 vimus.

193 1408 241 1472 διὸ
262 1404 335 1491 παρ’
358 1406 464 1482 αὐτοῖς
484 1409 569 1472 πέντε
591 1416 694 1490 μῆνες]
742 1415 892 1472 Caussativa
921 1417 972 1472 ista
994 1417 1126 1489 particula

109 1517 189 1601 aegre
216 1517 278 1558 cum
298 1500 493 1596 superioribus.
509 1501 647 1558 cohaeret.
692 1502 774 1557 Forte
795 1501 866 1557 idem
889 1501 1024 1574 estquod
1048 1494 1126 1557 διότι

106 1575 186 1643 rel
167 1604 227 1658 οτι,
250 1602 301 1642 uec
323 1585 493 1641 iulereudi
470 1603 521 1640 vim
539 1585 630 1651 hahet,
654 1587 702 1642 sed
717 1603 812 1641 novam
828 1594 937 1642 sentent
938 1586 989 1641 iam
1005 1587 1124 1652 inchoat,
1159 1624 1162 1629 <

108 1688 158 1744 qua
176 1674 216 1729 14
232 1687 372 1748 'annorum
389 1670 485 1744 Cyclus
500 1672 652 1744 exponitur.
684 1671 761 1739 erod
776 1670 800 1726 si
815 1671 939 1727 illativum
955 1688 1016 1727 esse
1031 1671 1124 1736 mavis,

107 1748 138 1811 ad
159 1755 348 1812 antecedentia
369 1755 524 1828 pertinebit.
554 1755 619 1811 Nam
642 1756 704 1828 quia
719 1756 832 1811 Lunaris
855 1773 941 1811 annus
963 1757 1020 1813 dies
1041 1756 1127 1812 habet

109 1843 184 1906 354,
214 1841 245 1896 lit
272 1849 303 1896 ut
331 1840 414 1896 tertio
442 1849 470 1896 et
491 1848 567 1896 sexto
590 1857 661 1897 anuo
684 1840 784 1914 singuli
805 1858 913 1896 menses
938 1851 965 1898 ct
986 1842 1013 1898 in
1036 1850 1126 1898 totum

110 1929 143 1984 14
166 1926 260 1991 annis,
288 1925 409 1998 quinque
431 1943 539 1982 meuses
562 1926 771 1991 intercalentur,
795 1926 867 1998 quod
893 1929 926 1983 ll
953 1926 1049 1982 diebus
1072 1927 1128 1983 So-

105 2011 166 2066 laris
190 2026 277 2066 annus
298 2011 432 2065 Lunarem
455 2020 575 2083 superet.
607 2011 749 2084 Utcunque
771 2012 822 2076 sit,
857 2015 891 2068 14
915 2029 1048 2068 annorum
1072 2012 1126 2086 Cy-

107 2095 175 2152 clum
203 2094 322 2151 iudicare
350 2095 470 2160 videtur,
498 2096 526 2150 in
555 2113 609 2168 quo
633 2096 708 2169 quini
729 2112 838 2152 meuses
861 2096 1024 2152 inserantur.
1071 2097 1125 2153 Sed

106 2190 197 2237 utrum
225 2180 253 2235 iu
281 2197 334 2235 usu
356 2179 467 2253 politico
490 2180 649 2237 observatus
672 2181 717 2236 illc
740 2180 835 2254 Cyclus
858 2181 952 2246 luerit,
983 2198 1016 2236 an
1038 2199 1125 2254 penes

106 2264 265 2340 synedrium
287 2274 411 2320 retentus
435 2273 461 2321 et
484 2265 516 2320 ad
537 2265 696 2321 methodum
719 2266 918 2329 conformatus,
942 2282 1003 2321 cnm
1027 2266 1126 2338 pleno-

105 2367 162 2406 rum
186 2366 367 2423 cavorumque
395 2349 529 2405 mensium
551 2359 682 2424 perpetua
705 2350 877 2406 successione
900 2350 1050 2406 communis
1073 2367 1124 2404 an-

105 2451 153 2492 nus
177 2434 355 2499 evolveretur,
379 2444 457 2490 antea
480 2434 669 2490 dubitavimus.

181 2513 241 2575 decl
262 2512 297 2576 τὰ
320 2512 523 2596 ἀφαιρεῖσθαι
546 2512 607 2575 ἀπὸ
629 2520 684 2576 τοῦ
705 2511 846 2594 ἡλιακοῦ]
894 2518 947 2574 Cur
975 2520 1009 2574 l4
1035 2534 1124 2573 auno-

104 2621 163 2661 rum
185 2603 253 2661 orbe
267 2604 428 2660 Neomenias
442 2603 595 2660 ¹conclusae
618 2603 681 2668 sint,
705 2621 828 2659 caussam
849 2603 900 2659 ista
922 2602 1056 2667 reddunt,
1074 2603 1123 2659 sed

103 2706 151 2762 pro
180 2689 252 2746 varia
275 2688 348 2762 Cyrli
375 2690 552 2763 dispositione
582 2688 687 2744 diversa
708 2688 773 2762 hugi
795 2697 897 2762 potest.
943 2688 997 2744 Nos
1020 2688 1122 2761 duplici

104 2775 207 2831 ratione
230 2774 339 2848 cyclum
369 2774 494 2847 explicari
521 2791 603 2847 posse
626 2774 749 2829 diximus.
792 2773 881 2829 Prima
905 2782 961 2839 cst,
990 2782 1022 2830 ut
1044 2773 1122 2830 anuis

103 2857 253 2917 lunaribus
275 2859 397 2932 praecise
419 2859 535 2916 trecenti
557 2868 584 2915 ct
603 2859 797 2954 quinquaginta
812 2867 931 2933 quatuor
945 2859 1011 2924 dies,
1036 2859 1122 2914 horae

104 2953 165 3002 octo
191 2943 314 3000 tribuant
303 2953 362 2999 tur:
399 2948 433 3001 14
457 2953 547 3001 autem
574 2944 651 3000 aunis
673 2944 731 3001 dies
755 2946 853 3009 5108,
882 2945 1017 3001 horae4.
1062 2943 1121 3000 lloc

103 3029 232 3126 temporis
261 3029 349 3102 spatio
372 3029 482 3103 (lyclum
510 3028 729 3095 constituebant,
759 3030 787 3085 iu
816 3045 871 3102 quo
900 3029 984 3085 solius
1006 3028 1120 3085 Lunaris

104 3103 381 3180 ἀποκαταστάσεως
401 3115 534 3171 rationem
556 3113 706 3181 habehant,
682 3124 781 3171 tnec
802 3114 875 3170 illius
896 3114 1036 3170 ratiocinia
1058 3130 1120 3169 cum

104 3197 163 3257 Sole
186 3198 389 3272 comparabant.
433 3199 521 3268 Quare
544 3200 577 3255 de
599 3200 711 3266 ultimo,
734 3200 787 3257 hoe
810 3207 852 3256 est
878 3202 914 3256 14
938 3215 1008 3254 anno
1021 3198 1119 3262 Solari,

103 3284 258 3358 etquidem
281 3284 407 3356 politico,
431 3285 477 3360 qui
500 3293 542 3341 est
565 3287 625 3343 365
648 3285 769 3350 dierum,
793 3283 852 3340 dies
874 3283 994 3356 quinque
1016 3291 1044 3340 et
1067 3284 1121 3340 ho-

102 3383 155 3425 ram
178 3364 260 3425 uham
283 3368 470 3434 detrahebant,
494 3379 639 3443 propterea
661 3369 736 3444 quod
758 3369 781 3424 si
803 3385 835 3424 cx
859 3370 950 3432 5104,
975 3372 1004 3424 4.
1037 3369 1120 3424 lulia-

102 3467 149 3511 nos
176 3457 213 3512 13
238 3453 352 3518 eximas,
382 3454 502 3509 decimus
525 3463 637 3527 quiartus
660 3455 717 3510 dies
739 3453 851 3510 habebit
875 3455 951 3518 360,
975 3470 1030 3508 una
1051 3454 1120 3509 hora

102 3536 203 3604 maus,
234 3555 289 3612 quo
319 3538 459 3594 intervallo
487 3538 607 3596 Lunares
634 3538 794 3595 Neomenias
826 3537 933 3595 restitui
962 3537 1118 3594 credebant.

104 3621 153 3681 Sed
174 3625 243 3681 haec
259 3625 403 3697 τεχνικῶς
417 3624 561 3690 duntaxat,
577 3641 633 3681 non
648 3624 759 3698 politico
773 3641 837 3690 usu,
860 3623 1010 3680 secundnm
1026 3630 1118 3704 quem,
