2534 4154
438 317 728 369 autonomastoucs
1037 303 1101 366 tta

77 490 90 529 a
110 473 170 530 Kal.
186 473 243 529 iau.
259 472 321 529 anni
335 471 430 528 iuliani
453 472 592 545 sequentis
608 471 753 529 Neomenia
769 472 850 529 Nisan
865 476 929 548 dpr.
948 475 976 539 2,
1000 474 1048 531 lor.
1066 477 1095 533 4.

77 558 137 615 Erat
161 576 248 614 annus
271 557 382 630 simplex
406 557 567 613 ordinarius.
606 558 693 631 igitur
714 557 836 621 Tebeth,
867 560 967 616 sivell
995 560 1110 617 mansis·

76 644 132 700 iniit
155 642 219 699 lieo.
235 643 322 698 illllV.
360 642 434 698 Unde
456 641 572 698 Ianuarii
594 642 615 696 V
637 643 741 699 Tebeth
764 643 821 699 dies
844 652 903 723 ¹erat
924 645 996 710 lllll,
1019 654 1096 701 sexto

75 746 137 785 vcro
161 727 275 784 Ianuarii
291 729 355 784 xlv.
386 727 415 783 ln
437 744 492 800 quo
513 726 596 792 vides,
620 727 646 783 id
669 727 742 801 quod
764 726 910 785 methodus
932 739 1026 786 nostra
1049 747 1096 786 re·

75 813 218 887 promittit,
241 812 352 868 biduum
375 814 431 868 fere
454 812 505 868 iam
528 812 689 886 anticipasse
701 814 873 870 Neomeniam
897 815 1009 879 civilem,
1033 832 1096 872 cum

76 899 124 955 iam
156 897 264 954 dimidia
287 897 419 954 Periodus
448 897 605 953 ellluxissct.
649 897 716 953 Nam
738 915 753 953 a
774 899 851 955 xxvt
867 899 938 956 ileo.
963 901 997 957 ad
1018 900 1096 956 xxtv

76 983 243 1040 retrocessit.
288 983 376 1052 Quare
401 981 443 1039 uel
465 983 509 1038 hic
530 999 601 1038 unus
623 981 701 1038 locus
724 984 843 1040 ostendit
865 1000 915 1041 nos
939 984 999 1041 Per.
1022 984 1096 1043 illam

75 1071 105 1125 ad
128 1069 228 1142 Epiph.
252 1069 371 1124 rationes
394 1060 608 1140 εὐσταχώτατα
631 1068 786 1141 digessisse.
824 1069 888 1127 Vide
910 1068 978 1126 inlra
1001 1069 1096 1127 inilia
1190 1138 1195 1145 Ι

75 1152 194 1210 diatriba
215 1153 248 1208 dc
271 1152 399 1209 Passione
423 1152 538 1209 Domini.

160 1231 239 1294 κατὰ
245 1229 432 1312 Ἀθηναίους
443 1234 737 1314 Μαιμακτηριῶνος]
754 1239 905 1294 Ianuarium
915 1239 1096 1296 Athenienses

74 1321 326 1381 llacmacterionem
348 1332 488 1379 uocarunt.
519 1323 597 1392 Quod
619 1341 653 1379 ne
676 1325 736 1396 quis
759 1340 852 1380 errore
873 1324 975 1380 librarii
995 1325 1095 1380 lactum

71 1417 162 1480 putet,
187 1408 336 1464 affirmatur
356 1425 390 1467 en
413 1425 463 1473 eo,
487 1408 560 1481 quod
582 1409 663 1481 paulo
686 1417 749 1482 post
770 1408 900 1466 Novemb.
923 1409 1096 1481 lietagitnio-

71 1507 136 1551 uem
165 1492 292 1566 appellat.
337 1493 384 1549 list
406 1502 496 1549 autem
518 1493 562 1549 hic
584 1494 661 1550 locus
683 1493 717 1549 ad
739 1494 821 1550 Attici
841 1495 920 1559 unni,
943 1493 1096 1550 cuiusmodi

66 1593 120 1650 per
144 1578 191 1634 illa
214 1586 335 1651 tempora
359 1577 424 1642 luit,
453 1595 484 1635 ac
506 1579 641 1634 mensium
664 1578 870 1652 dispositionem
892 1578 1095 1652 intelligendam

66 1662 265 1721 obseruatione
286 1662 469 1736 dignissimus.
509 1663 628 1719 Primum
651 1665 722 1720 enim
744 1664 867 1720 Solarem
889 1681 988 1719 anuum
1011 1663 1096 1721 luisse

64 1749 154 1806 docet
176 1765 327 1805 consensus
349 1747 580 1804 Maemacterionis
603 1766 663 1804 tum
692 1750 825 1806 ianuario.
870 1748 924 1806 Sed
952 1749 1095 1805 videndum

61 1834 211 1910 quodnam
235 1833 297 1888 anni
319 1843 401 1905 caput
418 1833 512 1889 luerit.
549 1833 655 1890 Primus
677 1835 828 1891 Atticorum
850 1835 984 1891 mensium
1007 1833 1097 1890 lleca-

60 1918 219 1977 tombaeon
242 1918 300 1981 luit,
324 1935 339 1974 a
361 1935 425 1991 quo,
449 1918 472 1974 si
495 1919 581 1975 Gazae
603 1920 753 1985 credimus,
777 1930 891 1993 quartus
914 1929 956 1981 est
977 1919 1096 1975 Maema-

54 2005 195 2068 .cterion,
226 2003 362 2076 Scaligero
392 2020 456 2059 vero
479 2005 600 2077 quintus.
645 2005 736 2061 Utrius
759 2007 849 2063 verior
871 2006 963 2081 opinio
985 2005 1020 2061 sit
1042 2005 1095 2061 hoc

56 2084 133 2147 loco
156 2088 371 2161 disquirendum.
417 2088 475 2144 Duo
498 2089 526 2144 in
549 2089 719 2147 ordinatione
741 2091 874 2146 mensium
898 2091 984 2146 Gazae
1007 2099 1095 2145 errata

56 2173 189 2246 corrigit
210 2172 339 2246 Scaliger.
370 2173 491 2230 Alterum
513 2175 587 2247 quod
609 2175 747 2233 llaemact.
773 2180 790 2232 t
814 2176 875 2233 loco
898 2175 1030 2247 posuerit,
1054 2173 1096 2229 ei-

56 2275 125 2333 que
155 2258 369 2330 Pyanepsionem
398 2257 559 2316 subiecerit:
594 2260 725 2324 alterum,
755 2258 829 2333 quod
857 2259 1095 2315 Antlresterionem

54 2352 136 2416 post
164 2343 379 2416 Pyanepsionem
409 2341 595 2410 collocaverit,
626 2345 743 2400 instante
773 2345 824 2399 iam
852 2345 949 2400 hieme.
995 2341 1094 2399 Contra

57 2444 143 2503 qnae
172 2428 292 2500 Scaliger
313 2428 551 2484 dntlresterioncm
580 2446 692 2484 vernum
721 2446 843 2484 mensem
872 2445 932 2485 esse
960 2436 988 2484 et
1015 2420 1095 2499 μετὰ

44 2514 207 2587 χειμῶνα
229 2513 338 2577 statuit,
362 2513 434 2568 unde
456 2521 519 2586 post
541 2510 571 2568 Γ
570 2512 730 2587 oppinum
753 2512 908 2578 constituit,
932 2512 1096 2569 llaemactc-

55 2600 177 2655 tionem
200 2614 263 2653 vero
286 2598 474 2671 praecipitanti
497 2598 548 2653 iam
565 2607 695 2655 autumno
719 2598 827 2664 tribuit,
852 2599 975 2672 quintum
999 2597 1095 2655 ordine

57 2693 98 2740 et
122 2682 339 2756 a-Pyanapsioue
361 2684 523 2757 proximum.
553 2684 700 2757 Utriusque
722 2684 883 2749 sententiae,
906 2693 938 2742 ut
958 2700 974 2742 a
992 2683 1095 2743 lectore

58 2768 176 2825 facilius
198 2767 372 2842 percipiatur,
395 2769 567 2826 Laterculom
590 2769 765 2827 subiecimus.
1104 2780 1106 2785 '
