2534 4154
142 307 203 369 130
596 319 711 368 revivit

139 494 211 532 anuo
232 475 345 532 defixam
368 475 439 531 diem
462 474 517 530 Vlll
540 475 598 530 llal.
622 476 686 548 Apr.
720 473 773 529 Sed
797 474 830 529 de
853 471 1165 529 Tessarescaedetutita-

139 579 200 617 rum
223 579 255 616 ex
269 562 343 617 Actis
360 559 438 615 Pilati
461 561 588 632 opinione
611 559 656 615 illa
679 558 817 614 disserens
833 557 955 632 Scaliger
971 559 989 616 2
1012 557 1047 614 de
1061 558 1168 615 Emeu-

139 647 194 702 dat.
210 646 304 718 Temp.
328 645 490 717 Perpeeom,
514 644 609 717 iuquit,
625 645 724 699 scribit
738 643 927 716 Epiphanius,
944 659 1165 718 τεσσαρεσκαι-

139 726 300 796 ὃεκατίτας
319 731 441 800 gloriari
455 731 553 785 solitos
568 746 598 784 se
614 737 783 801 ruopertum
798 728 904 784 holere
920 745 955 784 eu
970 725 1047 783 Astis
1062 728 1165 794 Pilati,

141 815 281 872 Christum
300 831 419 887 passum
439 815 529 886 fuisse
556 814 626 873 VIII
639 814 707 869 Kal.
722 811 791 886 Ape.
821 813 926 882 Quibus
949 815 999 868 ista
1021 822 1166 886 postremo

139 900 259 965 subiicit,
288 899 439 955 Eiusmodi
456 902 545 972 plura
568 907 665 955 estant
688 900 765 971 apud
785 899 866 954 iilum
887 900 1027 954 eruditum
1048 898 1168 955 Patren

140 995 166 1041 et
188 986 262 1042 ulios
283 993 400 1049 ueteres,
420 986 590 1056 praesertim
603 984 767 1048 Eusebium,
791 1000 864 1056 puae
886 1000 957 1038 sone
979 999 1040 1039 oum
1053 985 1169 1040 delectu

140 1078 205 1126 suut
233 1071 360 1141 dependo.
405 1069 475 1137 Quid
504 1079 546 1125 est
571 1071 621 1125 ista
644 1068 786 1142 Epiphanii
809 1069 1024 1141 reprehensione
1045 1067 1087 1123 vel
1111 1068 1167 1124 ini-

98 1173 128 1226 εγ
141 1156 230 1228 quius,
254 1155 295 1211 rel
316 1152 457 1228 ineptius?
496 1157 570 1210 Itane
587 1162 723 1227 quotquot
738 1153 942 1209 Haereticorum
958 1153 1021 1209 lalsa
1037 1153 1167 1226 dogmata

141 1240 339 1313 opinionesque
368 1249 630 1303 commemorantur,
659 1255 754 1294 eorum
782 1239 901 1294 omnium
931 1239 1030 1294 veritas
1059 1237 1094 1293 ab
1118 1237 1171 1301 illo.

112 1394 114 1397 Ι
139 1326 301 1399 praestanda
318 1325 420 1388 luerit,
451 1325 497 1397 qui
519 1324 585 1379 nihil
607 1324 659 1378 nisi
681 1321 826 1380 retulerit?
870 1324 924 1378 Sed
945 1323 1098 1378 cuiusmodi
1119 1322 1166 1380 illu

140 1411 175 1466 sit
198 1411 231 1465 de
254 1410 383 1466 Passione
406 1409 512 1464 Domini
534 1410 561 1464 in
584 1408 639 1463 VIII
663 1408 720 1464 llal.
744 1409 921 1464 convertente
934 1408 1167 1477 Tessarescuede·

142 1496 283 1551 catitarum
306 1497 385 1560 ratio,
408 1504 503 1567 postea
526 1492 716 1566 disputabitur.
758 1493 918 1561 Quaerere
941 1493 1069 1548 adversus
1091 1492 1167 1549 illam

140 1580 219 1636 allert
241 1580 362 1652 Scaliger
383 1579 449 1634 levia
473 1588 546 1643 sunt,
569 1578 623 1634 imo
646 1578 728 1633 nulla.
758 1577 928 1642 Neomeuio,
951 1578 1047 1650 iuquit,
1069 1577 1169 1635 Niceti

140 1666 241 1721 incidit
261 1666 293 1719 iu
319 1667 355 1721 12
378 1663 493 1728 Martii,
518 1665 623 1736 quoties
648 1662 800 1721 ualterio·
822 1672 863 1719 est
889 1668 924 1720 tt
947 1662 1051 1718 Nisou.
1079 1663 1168 1735 Atqui

142 1767 212 1806 oeco
233 1750 285 1804 illo
308 1749 360 1804 Itoc
381 1766 438 1804 uon
457 1751 552 1821 potuit
574 1749 741 1820 contingere,
764 1750 821 1804 uisi
844 1747 927 1818 Cyclo
947 1751 992 1805 13.
1023 1747 1112 1819 quue
1134 1748 1168 1803 iu

141 1851 217 1888 ouuo
240 1834 412 1904 Hesperum,
440 1835 471 1888 iti
500 1834 584 1888 uuuis
611 1837 656 1897 19,
683 1837 731 1895 38,
757 1837 793 1891 57
818 1834 942 1889 Periodi.
985 1830 1071 1905 Atqui
1100 1840 1167 1889 tuus

140 1919 312 1973 Iudaeorum
333 1919 497 1973 ueomeuiue
517 1935 574 1973 uuo
597 1919 642 1973 die
664 1920 804 1974 tardiores
827 1927 909 1974 eruut
921 1927 1040 1990 propter
1051 1935 1169 1990 proem-

137 2002 243 2076 ptosiu.
288 2000 354 2057 Nou
375 2003 465 2073 igitur
482 2005 576 2074 potuit
597 2004 734 2058 accidere.
779 2005 807 2059 ln
831 2021 886 2076 quo
909 2003 974 2058 illud
997 2003 1094 2067 sumit,
1119 2004 1168 2060 lu·

143 2087 225 2143 dacos
249 2086 410 2160 Calippicam
433 2088 495 2142 anni
518 2087 646 2151 sormam,
675 2088 728 2143 hoc
750 2097 792 2143 est
815 2088 1078 2160 Syromacedonum,
1109 2089 1167 2144 sive

141 2171 335 2229 Alexandream
357 2182 424 2228 tune
445 2172 576 2244 temporis
598 2189 756 2244 usurpasse,
780 2190 849 2248 quae
872 2190 933 2229 cum
951 2176 1010 2231 300
1034 2173 1092 2229 lere
1115 2190 1168 2228 an-

141 2257 184 2313 nis
212 2257 378 2330 llagarcnam
407 2257 552 2312 Periodum
581 2257 737 2322 antecedat,
771 2251 939 2335 προήγησνν
965 2256 1167 2330 Hippamheam

142 2343 225 2399 habet
253 2343 335 2398 unius
365 2343 426 2399 diei.
472 2342 547 2398 Unde
576 2342 678 2398 tardior
706 2352 748 2398 est
780 2343 926 2399 Neomenia
948 2342 1054 2398 Iudaica
1083 2359 1166 2415 mam

142 2427 293 2500 Hagarena.
336 2428 402 2484 Nam
430 2428 512 2483 huius
541 2428 674 2484 Periodus
701 2427 752 2482 suli
782 2428 888 2483 initium
916 2428 1033 2484 lulianus
1062 2427 1169 2485 formae

143 2522 270 2568 contexta
292 2522 349 2577 est,
372 2530 434 2569 cum
456 2513 627 2568 Novilunium
650 2514 676 2568 iu
699 2512 787 2568 llartii
813 2517 848 2570 13
871 2512 1018 2578 incideret,
1040 2514 1117 2587 quod
1138 2513 1167 2569 iu

88 2642 91 2646 .
144 2595 278 2668 Calippica
300 2597 462 2670 ludaicaque
484 2598 600 2654 Periodo
634 2598 660 2653 in
686 2600 723 2656 14
747 2596 934 2654 conveniebat.
979 2597 1038 2666 Qua
1059 2598 1168 2655 radone

144 2679 224 2751 Cyclo
251 2684 287 2738 13
311 2681 397 2737 llartii
421 2685 460 2739 25
483 2683 558 2738 Lnna
580 2683 631 2738 luit
655 2684 704 2747 13,
727 2683 875 2757 Hagarenis
896 2699 960 2738 vero
987 2687 1034 2740 14.
1066 2682 1168 2739 Verum

142 2763 256 2820 ludaeos
280 2764 414 2837 Calippica
436 2767 499 2821 anni
521 2767 702 2842 descriptione
725 2785 790 2824 usos
813 2785 883 2832 esse,
907 2784 962 2842 quo
984 2766 1168 2842 Soaligeriaoa

143 2848 232 2905 omnis
254 2848 298 2904 illa
321 2850 443 2905 doctrina
465 2851 570 2915 nititur,
594 2853 617 2908 si
632 2852 692 2926 quis
709 2853 855 2925 negaverit,
879 2853 1007 2925 progredi
1022 2853 1094 2909 ultra
1110 2869 1167 2909 nou

141 2934 254 3008 poterit.
283 2937 321 2989 Ac
343 2950 393 2989 nos
416 2935 449 2989 ad
472 2945 632 3008 sequentem
648 2937 787 2993 Haeresim
803 2937 913 3011 Cyelum
928 2937 1010 2992 alium
1027 2938 1169 2995 ludaicuui

142 3017 351 3091 explicabimus,
374 3019 402 3074 in
425 3037 480 3092 quo
502 3019 584 3077 biduo
607 3038 802 3096 nonnunquam
825 3030 852 3077 et
875 3039 907 3078 co
930 3022 1045 3096 amplius
1068 3022 1169 3079 antici·

142 3111 221 3178 patae
250 3104 305 3160 sint
331 3103 508 3169 Neomeniae,
538 3116 569 3163 ut
596 3106 663 3162 nihil
691 3107 742 3162 liae
770 3106 878 3179 quidem
907 3107 1013 3163 ratione
1035 3107 1170 3182 Scaligeri

143 3197 302 3263 argumenta
324 3197 510 3263 promoveant.
541 3190 595 3246 Sed
618 3208 648 3246 ea
670 3208 715 3246 res
736 3208 788 3247 suo
810 3191 872 3247 loco
895 3186 1065 3249 tractabitur,
1110 3192 1178 3249 lle-.-

143 3292 197 3349 que
219 3292 283 3331 vero
305 3274 394 3331 minor
416 3274 559 3331 Calviniani
582 3276 692 3332 alterius
715 3285 758 3332 cst
778 3277 890 3342 vanitas,
913 3277 959 3351 qui
982 3277 1080 3351 Epiph.
1103 3292 1169 3332 crs-

144 3360 263 3416 dulitatis
285 3360 422 3416 insimulat
444 3377 476 3416 ex
499 3378 542 3425 co,
565 3361 639 3436 quod
660 3361 739 3417 variis
761 3361 788 3416 in
806 3361 874 3418 loeis
889 3361 967 3418 Pilati
981 3363 1048 3418 Aeta
1062 3361 1166 3426 laudet,

143 3459 233 3517 neque
255 3445 393 3501 tamenin
416 3446 475 3501 lalsi
496 3447 675 3520 suspitionem
697 3446 822 3503 adducat.
863 3446 941 3517 Quod
963 3463 999 3502 ue
1020 3445 1169 3503 relutatio-

143 3543 206 3583 nem
228 3531 337 3602 quidem
359 3539 489 3587 meretur.

229 3609 279 3669 καὶ
308 3609 339 3670 ἓν
366 3609 668 3690 uersiculorum]
704 3616 777 3673 llaec
798 3615 880 3674 verba
900 3616 964 3673 τῶν
983 3609 1040 3690 μὲν
1061 3606 1168 3692 λεγόν-
