2534 4154
156 300 216 364 138
609 311 722 361 ceram
780 318 810 355 «ν

153 472 187 528 ad
215 470 242 526 id
269 469 348 525 etiam
377 467 475 523 invitos
496 465 662 541 Epiphanius
684 469 742 541 ipse
764 484 796 523 ae
818 469 937 541 suscepti
959 468 1081 524 muneris
1104 468 1176 525 fides'

153 556 314 630 impelleret.
358 552 415 608 Erit
443 561 533 608 autem
562 552 626 608 huic
657 553 766 608 conatui
792 552 936 628 laborique
963 563 1059 609 nostro
1089 551 1179 611 lacilis‘

153 639 311 705 lector„si
339 639 392 694 hoe
419 654 499 693 ame
522 646 673 710 spectatum
696 639 849 710 agnoverit,
879 647 910 694 ut
931 639 1063 695 infinitam
1086 655 1174 712 prope

153 725 365 786 controversiam
391 723 570 796 omniumque
598 722 696 778 iudicio
724 722 921 788 difficillimam,
952 741 1042 797 neque
1064 723 1181 781 hredun

153 828 236 887 quam
264 826 307 865 res
335 817 410 863 tanta
431 807 561 880 disputari
584 808 685 880 possit,
715 825 804 880 neque
826 808 934 882 longius
956 826 1037 882 quam
1060 825 1178 866 necesso

155 899 206 961 sit,
236 910 340 950 summa
362 909 425 948 vcro
448 909 510 948 cum
532 890 658 948 facilitate
681 893 891 966 complecterer,
920 902 948 955 et
970 911 1015 958 ea,
1047 910 1119 969 quae
1141 893 1176 951 ab

154 980 302 1054 ingeniosis
331 978 473 1052 doctisque
501 977 563 1032 viris
592 977 625 1032 de
654 995 684 1032 ea
713 995 742 1033 re
771 978 887 1034 solerter
920 979 1070 1052 excogitata
1100 976 1175 1045 sunt,

154 1065 310 1122 accessione
332 1063 421 1136 aliqua
442 1071 535 1118 nostra
558 1062 693 1118 cumulata
714 1063 874 1136 proferrem.
906 1063 994 1132 Quare
1009 1064 1108 1138 duplex
1125 1065 1178 1121 erit

154 1149 290 1208 hocloco
313 1147 474 1222 disputanda
495 1147 633 1220 quaestio:
664 1148 746 1204 altera
769 1147 802 1203 de
824 1165 895 1205 atino
918 1149 993 1222 ipso,
1016 1167 1071 1222 quo
1095 1159 1176 1206 natus

155 1245 198 1292 est
220 1234 358 1292 Christus:
381 1233 465 1288 altera
488 1232 521 1288 de
543 1249 576 1288 eo
599 1249 653 1305 quo
676 1250 773 1305 passus
796 1241 846 1288 est

242 1319 303 1393 [llic
330 1318 536 1374 annotationum
559 1318 658 1373 seriem
680 1317 826 1390 interrupit
848 1317 973 1373 Petavius
994 1320 1100 1375 inserto
1123 1317 1179 1374 Ex-

155 1422 238 1462 cursu
260 1405 280 1460 l.
310 1403 352 1458 Dr
374 1420 450 1458 oeno
472 1404 566 1458 netuli
589 1400 694 1457 Christi
714 1420 741 1475 p.
759 1401 929 1474 tta—131]

105 1500 150 1552 132
244 1491 304 1547 446
322 1489 348 1544 d.
378 1481 575 1564 γεννηθέντος
603 1481 637 1543 δὲ
665 1479 761 1544 αὐτοῦ
788 1482 856 1563 περὶ
885 1481 938 1544 τὸν
956 1479 1179 1564 ’ῙαννουάριονῙ

156 1575 399 1632 Luculentissimus
422 1572 466 1628 hic
488 1572 564 1628 locus
588 1581 638 1638 est,
662 1572 689 1628 in
712 1589 766 1644 quo
784 1571 904 1628 Natalem
922 1572 1020 1629 Christi
1042 1572 1115 1629 diem
1131 1589 1182 1629 ao·

156 1661 325 1718 curatissime
352 1657 550 1714 circunscribit.
581 1650 615 1713 m
636 1657 744 1731 quidem
759 1660 790 1713 A.
807 1657 837 1713 ll.
855 1658 909 1713 Vlll
925 1659 963 1714 ld.
981 1657 1035 1713 lan.
1059 1659 1113 1713 hoc
1136 1667 1181 1714 est

156 1745 271 1801 lanuarii
295 1748 322 1808 6,
346 1743 372 1797 in
396 1760 476 1814 quem
499 1742 710 1816 Epiphaniorum
734 1743 832 1798 lestum
855 1743 957 1808 incidit,
984 1752 1077 1798 natum
1100 1760 1182 1800 asse«

156 1838 240 1893 verat,
263 1846 295 1884 ex
318 1827 454 1883 communi
469 1827 664 1900 Aegyptiorum
687 1828 831 1893 sententia,
855 1829 888 1884 de
908 1845 959 1900 qua
975 1827 1091 1883 subinde
1107 1845 1187 1884 non·

157 1914 224 1969 nihil
253 1913 427 1967 disseremus.
472 1911 525 1967 Sed
555 1913 671 1984 primum
700 1911 822 1985 singulae
845 1921 999 1986 temporum
1022 1913 1182 1969 notationes

157 1997 247 2053 obiter
268 1995 468 2070 percurrendae
490 2004 572 2070 atque
594 1997 769 2052 illustrandae
791 2007 865 2053 sunt.
902 1997 979 2054 llunc
1001 1997 1085 2070 igitur
1107 1997 1181 2055 diem

156 2081 287 2156 imprimis
315 2085 345 2138 ll
374 2079 440 2153 Tybi
469 2097 529 2136 esse
557 2081 651 2136 scribit
679 2082 706 2137 in
729 2098 800 2138 anno
822 2082 947 2139 videlicet
968 2083 1092 2147 Actiaco,
1124 2083 1182 2140 sivo

156 2168 289 2242 Aegyptio
311 2167 424 2230 luliano,
448 2166 525 2221 cuius
548 2165 637 2221 thoth
660 2166 730 2222 finus
752 2175 794 2223 est
818 2169 856 2224 29
879 2169 1003 2241 Augusti,
1031 2167 1183 2225 Neomenia

156 2252 224 2328 tybi
248 2255 286 2311 27
310 2252 373 2308 llec.

242 2331 321 2394 κατὰ
343 2329 472 2413 Σύρους,
494 2325 762 2410 εἴτουνἛλληνας]
792 2336 1025 2411 Syromacedonas
1040 2336 1182 2410 iutelligit,

156 2424 214 2481 siue
235 2423 429 2487 Antiochenos,
454 2420 501 2494 qui
522 2421 650 2477 lulianam
673 2422 735 2477 anni
757 2422 871 2478 formam
894 2431 1067 2495 receperunt,
1091 2439 1185 2494 quan·

157 2525 239 2583 quam
261 2507 370 2564 illorum
392 2524 454 2563 aera
478 2506 594 2563 triennio
616 2506 749 2563 lulianum
771 2524 870 2563 annum
891 2507 1035 2572 antecedit,
1058 2508 1184 2579 appella·

159 2601 258 2664 torque
275 2584 493 2669 χρηματισμὸς
512 2594 567 2666 τῆς
583 2584 776 2666 Ἀντιοχείας,
798 2592 872 2666 quod
895 2609 927 2648 co
950 2609 1021 2649 anno
1042 2584 1062 2667 ἦ
1085 2585 1184 2649 αὐτο-

158 2671 252 2748 νομιά
272 2677 449 2733 Antiochenis
471 2677 603 2748 permissa
626 2686 653 2732 et
675 2677 758 2732 lulius
774 2677 872 2734 Caesar
887 2677 1007 2733 Dictator
1021 2676 1184 2735 Antiochiae

157 2762 334 2817 monaciatico
356 2770 407 2823 est,
430 2761 575 2826 Artemisii,
599 2762 654 2816 sive
677 2761 737 2816 llaii
761 2764 809 2820 23.
840 2762 941 2818 Chrou.
964 2763 1038 2818 Alex.
1061 2780 1089 2836 p.
1107 2765 1182 2823 438.

159 2845 207 2902 Est
230 2843 275 2902 hic
297 2862 384 2901 annus
401 2844 479 2901 Urbis
498 2848 568 2908 706,
592 2863 647 2919 quo
664 2845 762 2902 Caesar
782 2847 853 2904 ricto
868 2847 998 2920 Pompeio
1021 2864 1113 2905 rorum
1129 2864 1184 2922 po·

138 2931 226 2987 ¹titus
255 2939 313 2995 est,
342 2929 402 2985 Per.
426 2928 476 2984 lul.
501 2931 582 2986 4666
611 2930 688 2985 annis
716 2939 779 2987 ante
802 2931 989 3004 Dionysiauam
1017 2950 1106 2988 aeram
1130 2935 1182 2999 48,

157 3024 223 3077 ante
250 3015 367 3089 primum
395 3014 527 3071 lulianum
557 3013 659 3079 tribus,
690 3025 720 3070 ut
743 3032 775 3071 ex
796 3016 913 3090 Euagrio
935 3017 1038 3091 colligit
1060 3017 1184 3092 Scaliger

157 3102 229 3175 lssg.
253 3101 318 3157 Gan.
336 3103 374 3158 63
397 3117 425 3172 p.
443 3101 519 3165 2953
542 3099 643 3155 rectius
666 3117 747 3173 quam
769 3101 796 3156 in
818 3100 871 3158 tt
895 3100 928 3157 dc
951 3102 1063 3159 Emeud.
1086 3103 1207 3177 lemp..

159 3204 188 3260 p.
206 3187 282 3244 226:
312 3185 359 3241 ubi
381 3185 605 3241 Antiochensium
628 3201 717 3240 aeram
738 3185 773 3241 ab
795 3186 914 3243 editione
936 3188 1036 3244 luliana
1059 3186 1184 3245 inchoari

157 3279 270 3336 censet,
298 3271 376 3326 annis
405 3279 468 3326 ante
492 3269 591 3325 Christi
620 3286 710 3325 aeram
734 3273 789 3335 46,
819 3287 851 3327 er
874 3271 983 3328 llusebii
1005 3273 1182 3338 authoritate,

159 3355 208 3428 qui
236 3368 336 3411 aunum
358 3355 581 3412 Antiochensium
605 3356 665 3413 325
685 3355 791 3412 coulert
812 3356 840 3412 in
863 3373 963 3413 annum
986 3356 1084 3414 Christi
1110 3358 1181 3417 280·

161 3440 215 3496 Sed
242 3457 339 3514 magna
368 3442 435 3497 haec
469 3440 643 3496 hallucinatio
672 3449 723 3496 est.
767 3439 832 3497 Nam
861 3441 994 3498 Eusebius
1023 3442 1050 3498 in
1079 3442 1183 3501 Chroo.

159 3523 290 3581 Amnon
319 3543 396 3583 onae
417 3525 518 3591 Probi,
548 3525 652 3599 inquit,
679 3527 762 3582 lucto
783 3526 970 3583 Antiochense
999 3529 1059 3586 325
1090 3540 1184 3584 annu

157 3608 226 3682 [sit.
267 3610 352 3684 Atqui
373 3609 455 3667 Probi
484 3611 621 3668 secundus
648 3611 780 3686 competit
808 3628 883 3669 auno
907 3629 985 3670 aerae
1013 3612 1183 3670 Christiane·
