2534 4154
160 311 224 384 434
615 333 729 382 enrrru

161 498 225 565 post
246 489 387 545 llieaenam
410 488 562 562 Synodum,
586 490 623 544 ait
644 490 772 544 Athanas.
795 486 907 560 Apoll
929 495 958 542 et
979 487 1179 543 Theodoretns.

162 575 218 632 Sed
238 591 308 648 quae
330 575 363 630 de
388 574 539 629 Alexandro
561 591 720 630 successore
742 582 797 629 tam
819 572 955 628 hocloco
978 589 1059 645 quam
1081 572 1109 627 in
1131 589 1181 627 su·

159 660 269 734 periore
298 658 408 714 llaeresi
435 660 529 731 capti
557 669 648 715 narrat
674 658 856 732 Epiphanius,
886 673 947 712 crim
970 657 1083 712 historia
1106 657 1200 712 nullo.

160 743 243 800 modo
265 744 449 800 consentiunt.
476 744 533 799 lloe
555 745 625 798 enim
648 753 763 808 constat,
780 751 888 797 mortuo
903 742 1054 798 Alexandro
1077 742 1182 798 nullum

156 829 242 886 alium
265 829 432 885 successisse
453 838 562 901 praeter
583 829 774 892 Athanasium,
798 829 879 900 idque
901 828 1037 882 communi
1061 827 1184 883 onmium

161 915 287 971 ordinum
315 913 452 969 voluntate
474 931 505 968 ae
528 913 671 987 suffragio,
702 914 742 968 uti
764 913 898 986 Synodica
921 912 1091 968 Alexandrini
1115 929 1184 968 con-

162 1015 255 1055 sessus
282 999 402 1071 Epistola
432 1007 547 1054 testatur
575 999 645 1071 apud
671 999 769 1054 Athau.
792 997 870 1070 Apol.
888 999 915 1054 2.
960 997 1071 1052 Frustra
1100 997 1185 1071 igitar

161 1084 327 1157 Epiphanius
357 1083 485 1139 Achillam
513 1083 664 1138 Alexandro
699 1083 878 1156 subrogatum
906 1081 980 1137 dicit.
1024 1082 1089 1137 llam
1119 1091 1182 1156 post

161 1168 272 1224 Petrum
294 1168 386 1224 sedern
408 1169 480 1225 illam
504 1169 591 1223 tenuit
613 1178 640 1224 et
663 1184 850 1223 successorem
874 1167 969 1222 hahuit
990 1166 1183 1230 Alexandrum,

155 1254 286 1328 seditque
314 1270 414 1308 annum
443 1256 571 1309 duntaxat
599 1269 699 1316 unum,
728 1261 760 1308 ut
787 1252 956 1324 Nicephorus
985 1252 1011 1307 in
1046 1251 1184 1308 Chronico

155 1338 278 1411 scripsit.
308 1340 343 1393 At
365 1338 530 1411 Epiphanius
547 1337 675 1400 Achillae,
699 1338 745 1410 qui
767 1347 831 1410 post
846 1336 1024 1392 Alexandrum
1048 1337 1186 1392 adarna-

155 1422 219 1479 *lieis
247 1423 413 1478 substitutus
443 1432 500 1488 est,
530 1439 638 1478 menses
667 1421 762 1477 tribuit
784 1430 854 1477 tres:
886 1421 1036 1494 eodemque
1057 1431 1186 1494 ternpore

160 1508 299 1564 'lheouam
333 1525 347 1562 a
380 1506 528 1564 lleletiauis
563 1508 715 1563 ordinatum
749 1507 859 1570 asserit,
894 1506 968 1579 quod
1000 1523 1080 1561 nemo
1114 1507 1186 1563 alius

159 1592 287 1666 prodidit.
987 1657 989 1662 ,

247 1696 306 1752 736
323 1712 347 1749 a.
378 1687 440 1749 ἐπεὶ
463 1678 518 1748 οὖν
538 1684 685 1760 ἐλθόντος
694 1683 899 1766 'si-iuveniori]
930 1692 1013 1747 Nimis
1037 1692 1185 1764 impuden-

157 1787 203 1833 ter
224 1787 251 1834 et
273 1787 400 1851 proterve
424 1778 591 1833 Camerarius
614 1778 641 1832 iu
664 1778 819 1851 Appendice
842 1778 875 1832 ad
897 1777 1041 1850 Nicephori
1065 1777 1186 1833 Chroni-

157 1879 211 1917 con
234 1861 267 1917 de
289 1863 435 1918 Athanasio
465 1880 544 1917 suum
567 1863 716 1935 interponit
738 1863 880 1927 iudicium,
912 1871 939 1918 et
961 1878 1117 1934 quanquam
1140 1863 1186 1919 in-

153 1946 234 2019 ‘genti
256 1947 345 2002 animo
368 1947 486 2002 veritatis
508 1947 687 2019 patrocinium
711 1949 865 2020 suscepisse
882 1948 1005 2009 latentur,
1030 1947 1090 2018 plus
1107 1948 1184 2003 illum

102 2097 113 2108 ,
160 2036 264 2096 tamen,
294 2047 373 2104 quam
403 2039 559 2104 oporteret,
589 2032 644 2087 suis
673 2031 818 2088 indulsisse
840 2031 1032 2106 cupiditatibus
1056 2041 1083 2087 et
1106 2048 1184 2089 sacra

106 2116 137 2143 ¹²
158 2115 279 2189 prolenis
302 2115 445 2190 aliquando
467 2116 609 2172 miscuisse
625 2116 714 2172 docet.
746 2117 811 2186 Quis
828 2117 995 2173 Luthcranas
1012 2115 1077 2172 istas
1094 2117 1185 2174 laeces

153 2207 263 2256 'tantum
292 2199 342 2256 sibi
371 2201 496 2257 audaciae
525 2218 632 2257 sumere
662 2202 777 2257 miretur
803 2202 895 2275 potius
931 2219 1010 2275 quarn
1044 2202 1184 2258 communi

153 2286 266 2360 'pietatis
289 2287 399 2342 nornine
421 2283 602 2342 succenseat?
854 2352 859 2363 Ι

152 2462 159 2469 ν
247 2392 305 2446 737
323 2407 347 2446 a.
379 2383 429 2443 καὶ
459 2381 554 2445 αὐτοῦ
582 2383 616 2445 dr*
639 2389 693 2445 τοῦ
714 2383 946 2463 Κωνσταντιόυ]
975 2389 1084 2446 'Simile
1107 2386 1182 2456 huie',

158 2491 189 2528 ae
217 2473 298 2547 longe
327 2475 406 2530 etiam
429 2475 654 2531 honorificentius
678 2484 704 2531 et
728 2475 840 2530 uberius
863 2475 983 2530 eiusdem
1006 2475 1183 2547 Imperatoris

154 2558 275 2636 'elogium
299 2568 371 2615 extat
392 2560 464 2633 apud
479 2559 675 2615 Nazianzenum
699 2558 725 2614 in
747 2559 839 2633 priore
861 2557 1084 2639 στηλιτευτικῴ,
1107 2560 1183 2634 quod

158 2643 277 2698 oratorio
307 2661 381 2699 more
416 2661 447 2700 ac
475 2644 579 2700 dicendi
609 2645 712 2718 impetn
742 2655 769 2701 et
796 2644 885 2701 calore
920 2643 1062 2718 profusum
1095 2642 1184 2719 magis

152 2741 239 2805 *quam
262 2743 293 2781 err
317 2729 355 2783 rei
378 2731 489 2786 veritate
512 2731 664 2802 proiectum
686 2729 801 2786 videtur.

245 2830 303 2886 737
322 2846 345 2884 c.
377 2823 520 2905 δεύτερον
541 2824 584 2886 i'rr
607 2826 755 2905 ἐνίσχυσε]
785 2832 844 2887 Non
867 2831 900 2888 ab
923 2831 1051 2895 Eusebio,
1076 2807 1125 2888 sed
1147 2831 1182 2889 ab

156 2911 287 2977 Eudoxio,
312 2913 356 2987 qui
381 2913 704 2987 Constantinopolitanam
729 2917 820 2973 sedern
844 2925 1004 2990 occuparat,
1027 2915 1183 2990 baptizatus

152 3007 201 3063 ,est
223 2997 329 3056 Valens.
360 2998 448 3066 Quare
470 3016 520 3072 pro
543 2991 694 3072 Εὐσεβιόυ
716 3001 770 3074 leg.
793 2992 953 3076 Εὐδοξίου.

167 3179 175 3202 Ι
246 3103 301 3159 741
321 3117 346 3156 a.
376 3094 426 3157 καὶ
449 3092 505 3174 οὐχ
526 3088 573 3157 ὅτι
601 3092 720 3177 ἄγγελοι
748 3094 934 3179 ὑπάρχουσι]
976 3100 1063 3157 Scrib.
1084 3093 1182 3178 irrep*

159 3202 270 3259 εχουσι.

245 3289 306 3343 745
322 3286 348 3342 d.
378 3280 457 3359 μετὰ
480 3277 626 3360 ἑξήκοντα
648 3280 704 3342 δύο
726 3279 839 3362 γενεάς]
871 3287 1027 3342 AhAdamo
1043 3286 1079 3342 ad
1092 3288 1182 3344 Abra-

158 3373 267 3427 hamum
295 3367 392 3447 γενεαὶ
421 3381 485 3428 sunt
509 3374 557 3429 20.
602 3371 642 3427 Ah
665 3371 817 3428 Abrahamo
840 3372 873 3428 ad
897 3373 1033 3428 Christum
1056 3375 1097 3431 42
1127 3364 1182 3430 hoe

154 3464 201 3511 est
223 3465 266 3511 ter
288 3457 503 3528 quatuordecim.
548 3463 550 3467 ’

245 3543 303 3597 747
322 3541 348 3596 b.
379 3542 434 3597 τοῦ
456 3535 570 3615 ταύτης
592 3534 761 3618 ipponensi]
787 3543 852 3616 Leg.
870 3543 994 3598 videntur
1008 3534 1182 3619 ἁρμοστοῦ.

155 3622 213 3680 llisi
241 3624 311 3680 lorte
338 3621 604 3702 ylmnqunrnidec
631 3627 765 3700 quoddam
793 3626 954 3684 vocabulum
983 3627 1026 3683 sit.
1073 3627 1182 3703 Quippe
