2534 4154
49 365 55 376 .
159 306 221 371 tto
530 348 538 357 --
616 321 729 371 ιιτιιιι
775 356 778 361 .

243 477 279 532 dt
300 475 507 550 Babyloniorum
530 492 660 549 regnum,
690 476 751 532 sia
770 474 959 532 Nabouassaro
981 485 1108 550 repetas,
1134 476 1194 533 alio

160 561 327 637 quotannis
349 569 412 634 post
433 560 605 634 Assyriorum
626 560 733 617 initium
756 561 852 617 estitit.
883 560 979 634 Coepit
1002 562 1074 618 enim
1089 561 1195 620 Naboe

141 646 264 706 ¹stassasi
288 663 351 702 aera
373 645 509 719 babylone
530 645 592 702 Per.
615 644 664 701 lnl.
690 647 781 704 3967.
812 646 918 703 Primus
940 655 1031 703 autem
1055 663 1070 704 a
1093 646 1196 722 Raby-

160 731 241 790 loniis
262 730 381 804 Regibus
409 731 437 786 iu
459 730 607 804 Scripturis
628 731 784 787 nominatim
805 731 949 787 llerodach
966 731 1042 789 lilius
1065 731 1195 789 &ledan

161 817 258 890 dlleg.
277 817 326 881 20,
342 818 388 881 12,
411 816 483 872 circa
504 833 604 871 anuum
626 815 758 873 Ezechiae
774 819 821 881 14,
846 817 917 872 circa
937 816 999 873 Per.
1022 816 1073 873 lul.
1097 820 1191 876 4000

161 902 259 963 eodem
280 909 414 974 tempore,
437 917 492 974 quo
514 900 699 957 Sennacherib
722 909 750 956 et
769 901 940 958 assaraddon
962 901 989 958 iu
1003 901 1118 975 Assyria
1141 919 1196 960 reo

160 985 290 1061 grabam.
327 986 415 1055 Quare
437 985 580 1042 llerodacb
604 986 655 1041 iste
676 985 719 1042 vel
740 985 811 1042 idem
833 995 876 1042 est
897 1002 959 1042 cum
981 985 1192 1054 Nabonassaro,

161 1071 204 1129 sel
224 1071 317 1145 potius
338 1070 453 1127 Baladan
475 1069 629 1127 llerodachi
650 1079 742 1144 pater,
765 1088 783 1126 a
803 1087 857 1145 quo
879 1070 1072 1145 Babylonicum
1094 1072 1195 1147 impe-

160 1156 232 1214 rinm
254 1157 287 1213 ad
300 1155 597 1228 Nabuchodonosorem
619 1164 646 1211 et
667 1164 795 1228 posteros
817 1173 905 1229 usquc
926 1165 1109 1230 propagatum
1134 1167 1192 1223 est,

161 1242 249 1299 donec
272 1259 286 1297 a
302 1240 371 1314 Cyro
389 1249 417 1297 et
431 1239 523 1296 Persis
546 1240 692 1296 extinctum
715 1249 767 1297 est.
797 1241 836 1297 lle
849 1240 1050 1314 posterioribus
1063 1243 1193 1316 Assyriis

159 1326 287 1402 suspicor
314 1325 436 1383 locutum
463 1324 657 1398 Epiphaniam,
687 1326 778 1400 potius
807 1343 887 1398 quam
916 1326 951 1382 de
979 1326 1098 1399 antiquis
1123 1327 1193 1385 illis.

161 1412 248 1482 Quem
270 1429 321 1468 uos
344 1420 375 1467 ut
396 1409 429 1466 ab
453 1426 547 1466 errore
568 1419 708 1483 utcunque
729 1409 905 1476 vindicemus,
931 1419 1068 1484 quatenus
1089 1411 1192 1470 bledos

160 1495 314 1571 Babyloniis
342 1495 510 1570 posteriores
538 1495 645 1568 posuit,
673 1495 708 1550 ad
729 1495 837 1551 barium
859 1495 935 1552 illum
948 1495 1065 1552 dledum
1086 1513 1195 1571 respo-

160 1581 233 1639 xisse
255 1581 400 1646 credimus,
423 1580 469 1653 qui
491 1596 523 1635 ex
545 1579 693 1635 multorum
715 1581 850 1637 sententia
865 1580 1004 1637 Medorum
1026 1589 1194 1654 postremus

161 1684 210 1725 rex
231 1666 281 1722 luit
302 1675 331 1722 et
353 1682 414 1721 cum
438 1664 522 1738 Cyro,
545 1663 682 1738 Babylone
704 1674 796 1739 capta,
819 1665 933 1722 eandem
956 1664 1031 1722 solus
1047 1665 1191 1724 obtinuit.

162 1750 242 1821 Quod
264 1751 314 1806 etsi
336 1766 507 1824 nequaquam
529 1748 677 1822 probamus
692 1751 793 1824 (neque
808 1751 880 1807 enim
895 1751 991 1807 llarius
1006 1750 1052 1807 illc
1067 1750 1192 1809 Danielis

161 1834 302 1891 llodorum
331 1851 379 1890 rex
406 1835 469 1905 fuit)
496 1834 672 1890 nihilominus
695 1853 727 1891 es
750 1853 782 1892 co
804 1835 921 1891 manavit
941 1844 1122 1909 praepostera
1144 1837 1195 1894 illa

161 1936 309 1993 regnorum
332 1918 404 1992 apud
422 1919 602 1991 Epiphaniam
625 1919 790 1977 distributio.
820 1920 945 1994 Alioquin
968 1921 1124 1979 certissima
1147 1931 1194 1979 est

163 2011 191 2061 ct
213 2003 246 2060 ad
269 2003 385 2060 Danielis
406 2003 538 2059 visionem
560 2004 838 2063 accommodatissima
859 2005 1015 2078 lliemnymi
1037 2007 1190 2072 sententia,

161 2097 281 2164 quatuor
295 2087 417 2144 animalia
432 2087 545 2144 totidem
562 2088 672 2161 imperia
688 2089 849 2163 significare,
872 2089 1093 2165 babyloniorum,
1116 2091 1193 2149 Per-

162 2191 263 2240 sarum,
285 2173 472 2238 Macedonum,
497 2172 690 2230 Romanorum.
1089 2193 1095 2205 ·

248 2262 308 2317 457
326 2275 350 2315 ι.
382 2251 549 2336 ἐπιτρέπειν
575 2260 640 2325 τοῖς
667 2251 788 2316 ἔθνεσιν
808 2254 851 2326 εἰς
871 2253 1018 2334 πόλεμον]
1062 2251 1189 2334 dende,

161 2344 258 2418 Angeli
277 2344 421 2401 nmionum
441 2343 580 2418 praesides
600 2343 682 2401 vincti
704 2343 870 2410 detinentur,
893 2344 1135 2421 prohibenturque
1152 2366 1189 2405 ne

161 2428 301 2487 subiectos
324 2429 375 2486 sibi
397 2428 515 2504 populos
537 2428 570 2485 ad
591 2428 662 2485 bella
683 2437 842 2504 provocent.

298 2706 301 2713 ,
394 2648 438 2705 ιιι
461 2625 628 2705 uisa'ssm
650 2648 694 2705 ιιι
715 2634 946 2706 ιιιιιιιιιιιιι.

169 2802 173 2807 -
247 2765 444 2861 spurcissimae
474 2767 556 2824 huius
583 2768 709 2824 Haeresis
737 2769 880 2825 authorem
903 2736 1093 2827 Theodoretus
1122 2771 1189 2831 lacit

162 2849 316 2915 Prodicum,
339 2850 416 2906 cuins
439 2852 561 2907 meminit
583 2852 665 2908 Glem
690 2854 708 2910 3
732 2853 832 2910 Strom.

175 3010 184 3035 ἱ
248 2935 352 2994 4590
384 2928 495 3010 ἴθμην]
538 2936 655 3011 Hesycb
678 2931 801 3012 ἒθμη’
784 2931 896 3011 ατμὸς,
930 2932 1043 3006 καπνὸς
1065 2934 1189 3013 λεπτὸς,

163 3013 267 3162 Πμῆὃ

171 3130 175 3161 :
248 3099 335 3180 δίκην
356 3099 555 3180 καμψαρίων]
586 3106 659 3162 ldem
681 3105 798 3179 Hesych.
822 3099 945 3181 κάμψα,
966 3100 1011 3165 &a
1002 3124 1061 3184 κη,
1084 3106 1188 3185 γλωσ-

161 3190 394 3266 comprobabit
416 3186 541 3264 καμψία
561 3193 641 3247 κανᾶ
663 3184 812 3248 κανιᾝσκια
856 3192 953 3251 Suidas
975 3186 1066 3265 κάψα
1087 3188 1187 3270 κίστη,

160 3268 291 3352 lpdvjnn.
320 3276 406 3351 igitur
421 3277 541 3350 (lapsarii
561 3285 626 3333 sunt
641 3268 890 3354 ἳματιοφύλακες,
912 3279 966 3336 boc
981 3287 1032 3343 est,
1056 3287 1088 3337 ut
1104 3279 1187 3339 Glos-

161 3378 209 3418 ιιι
242 3363 374 3427 reddunt,
410 3363 548 3419 vestiarii
593 3361 715 3436 Supra
708 3379 736 3417 ιιι
764 3361 879 3420 Hebion.
908 3365 1033 3425 atoarios
1060 3364 1184 3423 vombat

122 3445 262 3507 ...armos
289 3445 340 3503 lib.
361 3448 390 3504 3.
414 3450 441 3520 0.
465 3447 551 3505 ultim.
575 3447 607 3503 b.
631 3448 664 3505 dc
686 3446 764 3504 effic.
793 3448 883 3506 Praet
908 3449 964 3524 Vig.
995 3443 1090 3507 eadem
1117 3466 1185 3509 voce

162 3532 346 3604 capsariorum
368 3532 494 3608 appellat.
