2534 4154
178 344 299 406 ,mint
602 352 627 401 S.
646 351 795 402 EPlPlllel

180 515 320 572 ,doctrino
349 518 374 565 et
397 508 573 582 perfectione
599 515 762 563 sanctorum
783 509 916 574 Potrnrn,
946 527 1015 584 quos
1038 518 1108 566 teste
1131 510 1216 584 Sige-

182 599 268 656 ·bertu
292 596 416 669 Pelagius
438 595 567 650 diaeonus
589 593 725 649 Romanae
739 594 875 651 Ecclesiae
898 595 1036 651 transtulit
1057 595 1091 651 de
1107 595 1212 653 Graeco

189 685 218 741 in
240 683 379 745 latinum,
403 680 504 752 quique
526 679 554 733 in
580 680 649 738 Vitis
671 678 788 734 Patrem
811 680 888 736 editis
911 696 925 735 a
948 689 1043 736 nostro
1066 680 1212 739 Heriberto

191 767 339 825 llosweido
361 764 494 821 librumV
516 763 701 819 constituunt:
724 763 762 819 ibi
784 765 855 821 enim
877 764 968 821 libello
986 769 1003 822 3
1026 769 1149 822 numlb
1174 767 1214 822 sic

190 853 304 927 legitur:
333 849 423 906 “Misit
445 850 588 921 aliquando
611 848 778 925 Epiphanius
801 853 945 923 episcopus
969 850 1082 923 Cyprios
1105 851 1138 907 ad
1161 850 1213 906 ab·

190 938 280 994 batem
304 933 482 997 ulteriorem,
513 950 612 1006 rogans
635 951 697 989 eum
720 943 747 989 et
770 935 876 999 dicens,
906 935 970 991 Veni
993 944 1024 990 ut
1046 952 1096 990 nos
1119 935 1213 991 ridea-

190 1034 261 1088 mus,
284 1030 428 1093 autequam
450 1019 484 1074 dc
506 1036 622 1092 corpore
644 1035 779 1074 creamus.
811 1020 861 1088 Qui
884 1037 945 1075 cum
967 1021 1104 1076 venissent
1120 1021 1151 1075 ad
1168 1022 1214 1076 in-

188 1109 284 1172 vicem,
308 1103 532 1161 manducantibus
555 1104 594 1159 eis
617 1113 734 1159 aetatum
758 1113 799 1159 est
822 1105 855 1160 de
870 1104 962 1160 avibus
978 1105 1113 1178 quiddam,
1138 1105 1213 1178 quod

190 1203 287 1250 tenens
317 1191 461 1265 episcopus
489 1189 562 1244 dedit
590 1188 681 1244 abbati
708 1189 845 1244 Hilarioni.
890 1189 924 1245 Et
954 1189 1018 1245 dicit
1044 1190 1082 1245 illi
1111 1207 1210 1246 senex:

189 1278 304 1353 ignosce
333 1276 413 1340 mibi,
443 1275 537 1337 Pater,
567 1275 629 1347 quia
659 1290 690 1328 ex
713 1291 768 1349 quo
791 1275 882 1346 accepi
905 1273 1026 1330 habitum
1051 1276 1133 1330 istum
1155 1292 1212 1331 nou

188 1361 347 1420 manducavi
369 1360 514 1433 quidquam
538 1357 668 1413 occisum.
698 1359 732 1414 Et
754 1359 818 1414 dixit
841 1362 865 1414 ei
881 1359 1062 1432 Epiphanius:
1086 1361 1143 1433 Ego
1161 1378 1214 1416 au·

189 1456 255 1512 tem,
280 1463 311 1503 ex
334 1463 388 1520 quo
411 1445 502 1517 accepi
525 1443 645 1499 habitum
662 1443 753 1507 istum,
776 1460 830 1499 non
847 1444 935 1499 dimisi
950 1445 1066 1519 aliquem
1083 1446 1211 1510 dormire,

189 1533 237 1610 qui
266 1530 383 1588 babebat
411 1529 509 1601 aliquid
534 1528 673 1583 adversum
697 1545 756 1596 me;
786 1544 875 1601 neque
898 1546 949 1602 ego
973 1530 1085 1585 dormivi
1108 1530 1212 1586 babens

188 1617 291 1694 aliquid
313 1617 441 1672 adversus
465 1613 591 1687 aliquem.
622 1613 655 1667 Et
678 1614 741 1669 dicit
764 1614 788 1669 ei
805 1631 897 1679 senex,
920 1615 1034 1687 ignosce
1049 1615 1125 1678 mibi,
1150 1616 1213 1688 quia

189 1714 236 1760 tua
265 1700 434 1758 conversatio
456 1699 542 1753 maior
564 1706 606 1752 est
628 1699 713 1753 mea'’.
758 1702 846 1772 Atque
872 1700 904 1754 ad
926 1701 996 1755 hanc
1018 1700 1156 1773 mitigatae
1179 1700 1212 1756 ab

188 1785 339 1860 Epiphanio
362 1783 527 1839 austeritatis
551 1785 749 1838 excusationem
774 1785 853 1839 etiam
876 1793 990 1857 spectat,
1015 1786 1088 1857 quod
1111 1786 1138 1840 in
1160 1802 1211 1842 ms.

189 1869 374 1933 Ultraicctino,
398 1885 430 1922 ex
456 1867 524 1924 Vitis
539 1867 664 1932 Patrem,
688 1868 779 1924 nescio
802 1869 874 1924 unde
897 1878 1045 1943 sumptum,
1069 1871 1158 1943 reperi
1175 1871 1213 1926 sic

188 1962 363 2012 annotatum:
395 1953 513 2008 “Factus
542 1953 687 2026 episcopus
714 1953 799 2009 voluit
821 1954 861 2009 uti
884 1956 976 2010 eadem
1000 1955 1113 2019 duritia,
1142 1955 1214 2011 sicut

186 2040 216 2096 in
240 2055 341 2101 eremo,
366 2036 490 2092 sed-non
514 2039 617 2111 potuit:
643 2047 670 2094 et
692 2054 772 2093 crans
795 2040 926 2111 quaesivit
942 2057 956 2094 a
972 2040 1037 2104 beo,
1062 2041 1083 2096 si
1100 2049 1213 2114 propter

133 2151 138 2156 2
187 2122 376 2199 episcopatum
399 2122 558 2177 recessisset
581 2122 613 2177 ab
637 2139 669 2178 eo
685 2123 769 2196 gratia
785 2123 841 2179 llei.
872 2125 1044 2198 Responsum
1060 2134 1101 2181 est
1121 2134 1213 2181 autem

190 2209 216 2268 ei
237 2209 311 2285 quod
333 2225 398 2272 nou,
421 2207 484 2281 quia
507 2208 548 2280 pia
571 2208 721 2264 intentione
737 2225 829 2264 curam
845 2211 982 2283 suscepit,
1005 2210 1053 2266 sed
1069 2209 1131 2284 quia
1148 2220 1213 2266 tuuc

191 2295 298 2370 quando
320 2294 347 2348 in
370 2292 516 2348 solitudine
539 2293 605 2358 luit,
635 2293 707 2349 Deus
730 2302 788 2348 erat
810 2292 860 2349 sibi
883 2295 1011 2368 proprius
1032 2296 1156 2358 adiutor,
1173 2296 1213 2350 ⁴iu

186 2379 299 2438 saeculo
322 2387 413 2435 autem
436 2379 515 2435 etiam
540 2378 663 2434 homines
686 2378 894 2435 auxiliabantur.
925 2381 970 2436 Sic
991 2375 1144 2436 filii'lsreel
1167 2397 1214 2436 re·

189 2474 324 2539 ceperunt
345 2480 443 2521 manua
466 2465 492 2519 in
515 2463 639 2530 deserto,
663 2480 807 2539 quousque
830 2465 952 2522 venirent
973 2465 1000 2520 in
1024 2475 1123 2521 terram
1146 2480 1214 2538 pro-

189 2550 351 2606 missionis’'.

280 2636 326 2691 13.
357 2633 462 2689 Colitur
483 2633 511 2688 S.
528 2633 646 2690 Hilarion
665 2635 700 2691 21
718 2634 858 2690 Octobris:
882 2644 913 2689 ut
928 2651 991 2690 vero
1008 2635 1040 2690 ad
1057 2650 1118 2689 eum
1134 2635 1216 2691 iden-

186 2718 272 2776 tidem
301 2717 460 2773 recurrebat
489 2717 636 2791 discipulus
660 2735 726 2774 suus
749 2718 914 2793 Hesychius,
945 2735 1062 2791 eumque
1086 2720 1118 2775 de
1141 2730 1215 2776 statu

190 2812 248 2860 tum
277 2801 434 2858 monasterii
461 2802 504 2856 sui
526 2802 552 2856 iu
576 2802 726 2857 Palaestina
748 2812 806 2858 tum
829 2803 1022 2874 discipulorum
1045 2803 1144 2859 ibidem
1167 2823 1216 2862 re-

188 2886 317 2945 lictorum
340 2884 452 2942 curabat
474 2886 604 2941 edocere:
627 2887 664 2942 ita
686 2903 737 2941 uec
759 2904 858 2960 segnes
880 2886 991 2942 luerunt
1009 2887 1132 2959 discipuli
1148 2890 1217 2963 Epi-

190 2972 282 3048 phauii
310 2972 337 3027 in
366 2971 479 3026 lovenda
507 2979 601 3026 mutuo
631 2988 692 3026 cum
721 2988 772 3027 suo
800 2971 930 3044 magistro
958 2972 1213 3040 communicatione,

191 3074 252 3116 cum
281 3057 325 3113 bic
352 3055 469 3112 abesset.
514 3056 609 3130 ltaque
637 3057 663 3110 in
694 3055 785 3112 libello
801 3056 845 3116 llll
874 3055 938 3111 dicti
961 3055 1050 3128 operis
1073 3058 1136 3113 ub
1161 3060 1216 3116 tale

190 3143 255 3219 quid
287 3141 436 3197 invenitur:
473 3140 646 3197 “Mandatum
680 3149 722 3196 est
752 3150 860 3196 sanctae
888 3142 1034 3196 memoriae
1063 3140 1214 3215 Epiphanio

191 3229 320 3303 episcopo
344 3226 451 3299 Cyprio,
475 3225 507 3280 ab
530 3225 628 3282 abbate
650 3226 808 3282 monasterii
830 3225 872 3281 sui
895 3226 968 3300 quod
991 3224 1085 3282 habuit
1109 3228 1135 3282 in
1160 3229 1216 3285 Pa·

188 3313 318 3370 laestiua:
348 3311 415 3380 Quia
444 3309 612 3366 orationibus
642 3311 695 3366 tuis
725 3328 780 3367 nou
808 3311 975 3384 negleximus
998 3312 1136 3385 regulam,
1166 3314 1215 3370 sed

112 3414 115 3419 ’
190 3415 252 3454 cum
274 3394 446 3454 solicitudine
472 3395 597 3460 Tertiam,
622 3395 739 3460 Sextum,
763 3395 875 3460 Nonam,
900 3406 982 3470 atque
998 3397 1144 3470 Vesperam
1165 3415 1215 3454 ce-

189 3481 337 3538 lebiarnus.
366 3480 414 3536 lllc
436 3488 536 3545 autem,
560 3481 764 3554 reprebendens
787 3497 858 3545 eum,
883 3482 1017 3538 mandavit
1036 3483 1075 3538 ei:
1100 3482 1213 3540 Constat

186 3583 235 3622 vos
264 3584 357 3623 vacare
386 3564 419 3621 ab
449 3565 572 3622 oratioue
600 3565 714 3622 caeteris
744 3567 834 3633 borls3
865 3584 926 3624 eum
950 3575 1040 3623 autem
1063 3568 1109 3640 qui
1131 3586 1211 3624 verus

183 3661 231 3709 est
252 3650 412 3714 monachus,
436 3659 547 3724 oportet
561 3651 620 3708 siue
635 3652 836 3709 intermissione
852 3669 930 3710 orare
945 3660 993 3708 aut
1008 3660 1081 3708 certe
1096 3653 1211 3725 psallere
