2534 4154
166 331 233 416 272
616 344 731 394 nortui
759 356 767 378 ν

208 499 312 559 „uos
329 514 353 554 a.
384 490 435 554 καὶ
457 487 504 554 ὅτι
525 491 581 572 μὲν
603 491 781 576 ἀφροσύνης
802 491 893 570 ἐστίν]
924 498 1073 571 disputarit
1095 499 1130 554 de
1154 517 1184 556 ea

167 584 326 659 quaestione
348 583 533 656 copiosissime
555 584 686 639 baronius
699 585 734 639 ad
749 600 849 639 annum
867 587 914 647 58,
938 583 990 641 uhi.
1000 585 1186 640 difficillimum
1237 653 1240 662 Ι

167 687 200 729 err
221 668 376 742 Hieronymi
403 669 566 724 authoritate
595 671 697 724 nodum
719 669 853 733 dissolvit,
883 670 978 741 quiin
1000 669 1121 741 Epistola
1146 673 1184 727 85

165 756 198 810 ad
220 754 365 825 Euagrium
393 753 459 808 nihil
493 754 555 809 olim
583 754 731 827 Episcopos
754 754 825 809 iuter
847 770 878 809 ac
900 754 1078 827 Presbyteros
1101 755 1191 813 luisse

166 838 325 894 discriminis
348 838 494 893 affirmasse
517 839 631 894 videtur.
749 867 752 873 ·

251 925 310 980 908
327 924 355 979 d.-
384 912 465 992 οὕτω
486 925 541 998 τῆς
560 915 921 996 ἐκκλησίαςλαβούσης]Ι
939 923 991 992 Cui
1013 922 1046 978 ad
1062 923 1185 996 Epipha-

164 1008 201 1063 uii
229 1017 347 1063 mentem
377 1007 520 1080 diligenter
547 1009 664 1062 animum
695 1008 837 1073 adiecerit,
867 1025 922 1063 non
955 1007 1090 1064 dubitabit
1119 1009 1183 1082 quin

165 1083 250 1148 οὔπω
272 1109 321 1164 pro
345 1080 424 1149 odem
449 1093 512 1149 huic
534 1094 595 1148 loco
618 1093 653 1147 sit
675 1093 773 1165 aptius.

250 1181 309 1235 909
327 1178 352 1232 d.
396 1171 589 1254 puoprupcdd,
619 1167 707 1232 ἅτινά
735 1173 797 1232 ἐστι
826 1168 1028 1252 διυλιστήρια]
1072 1176 1182 1233 Nullum

165 1262 296 1318 eiusmodi
318 1263 477 1318 vocabulum
499 1262 526 1317 in
549 1262 691 1334 seripturis
710 1261 827 1334 reperio.
857 1262 981 1317 Proxima
996 1279 1045 1316 vor
1061 1261 1126 1317 huic
1142 1271 1184 1318 est

164 1361 284 1406 naniam
314 1349 386 1402 inter
414 1347 506 1420 templi
528 1364 604 1412 vasa,
634 1364 703 1419 quae
725 1364 739 1401 a
762 1346 913 1419 Babyloniis
936 1347 1039 1418 direpta
1061 1364 1185 1403 comme-

163 1441 304 1488 morantur
326 1433 442 1487 Hicrern.
462 1434 569 1496 5219.
596 1430 650 1487 Sed
673 1445 728 1486 non
752 1426 1113 1508 dtvlroraipnc'signiticat,
1137 1448 1185 1488 re-

162 1534 224 1576 num
237 1507 380 1593 φιάλας,
410 1517 568 1590 apudlllll
586 1517 701 1591 >Hieron
723 1515 875 1572 Psolteric.
909 1515 971 1571 *Alii
998 1519 1182 1573 emunctorio.

164 1601 234 1659 Sane
257 1615 364 1661 nannet
379 1604 562 1674 successum.
589 1602 647 1658 Sed
662 1600 694 1657 ab
704 1618 742 1656 ea
756 1618 822 1657 voce
838 1600 913 1656 haud
925 1600 980 1656 scio
996 1615 1029 1656 an
1043 1614 1188 1663 montotto·

164 1687 276 1743 derivari
298 1688 404 1758 possint
426 1705 475 1760 pro
499 1689 576 1752 eolis,
600 1686 698 1759 quibus
721 1686 811 1741 vinum
834 1686 997 1741 delaecetur.
1038 1686 1077 1740 lta
1099 1680 1184 1758 prde-

163 1762 234 1827 eda
255 1773 326 1828 idem
349 1789 410 1828 esse
432 1789 463 1828 ac
484 1765 624 1838 κυάθους
638 1771 758 1827 nondum
776 1771 905 1842 comperi,
930 1786 1010 1844 quarn
1025 1787 1119 1827 vocem
1135 1770 1181 1826 lib.

163 1856 199 1910 de
227 1872 313 1910 niens.
337 1864 365 1911 et
387 1856 733 1929 Pond.⁴repetitp.18‘.l,
768 1864 799 1911 ut
827 1864 852 1911 et
881 1855 1102 1920 antecedentem,
1133 1857 1184 1913 scd

163 1929 302 2004 κυάθους
328 1948 406 1995 vocat
426 1935 580 2013 μεδεκώθ.
624 1942 688 1995 Nam
718 1953 828 2018 orpora
858 1940 960 1996 aLXX
982 1930 1096 1995 κύαθοι
1118 1941 1184 1997 red-

90 2073 93 2076 .
162 2023 273 2081 duntur.

176 2153 179 2159 .
231 2109 413 2165 ,Lucttlentus
441 2117 483 2164 est
504 2109 548 2164 hic
569 2108 711 2181 Epiphanii
732 2109 824 2174 locus,
856 2125 887 2163 er
910 2125 964 2180 quo
986 2108 1122 2165 variorum
1145 2108 1184 2164 ri-

162 2203 250 2258 tuum,
273 2211 341 2266 quos
366 2194 502 2250 Catholica
523 2211 554 2249 ac
569 2195 688 2248 Romana
703 2193 822 2249 Ecclesia
844 2193 979 2265 hodieque
1002 2193 1111 2258 retinet,
1135 2210 1190 2249 νο,

161 2288 253 2335 tustas·
271 2280 410 2335 asseritur.
442 2279 597 2335 Cuiusmodi
620 2288 684 2334 sunt
706 2287 844 2334 certorum
866 2278 969 2334 dierum
986 2278 1094 2342 ieiunia,
1114 2296 1185 2351 pre-

162 2381 207 2419 ces
236 2381 285 2437 pro
314 2366 429 2420 mortuis
453 2374 479 2420 et
501 2374 658 2420 sanctorum
680 2363 792 2436 perinde
813 2380 845 2419 ao
868 2362 1189 2419 caeterorumsfidelium·

161 2451 442 2506 commemorationes.
474 2450 511 2505 lle
534 2449 632 2522 quibus
654 2449 768 2520 aliisque
790 2448 975 2521 compluribus
995 2448 1093 2520 agit-in
1109 2449 1182 2505 calce

161 2534 242 2590 huius
265 2535 371 2606 operis,
400 2536 427 2591 in
450 2534 624 2608 Expositionc
646 2534 721 2589 Fidei
744 2533 905 2588 Catholicae.
950 2532 1131 2600 Quamobrem
1153 2534 1182 2588 in

161 2618 236 2675 illurn
259 2619 347 2690 ipsum
369 2620 459 2676 locum
481 2619 662 2692 opportunius
685 2619 849 2682 conferetur,
874 2618 897 2672 si
912 2617 977 2690 quid
992 2617 1025 2673 ad
1040 2617 1185 2674 illustran-

155 2703 222 2759 dam
239 2702 438 2760 Catholicorum
460 2705 617 2777 dogmatum
635 2703 823 2776 antiquitatem
839 2702 1021 2758 adnotandum
1036 2702 1180 2760 videbitur.

264 2886 267 2919 ³
363 2920 406 2978 ,to
430 2903 596 2978 niunns'nr
618 2922 716 2977 annu
739 2918 982 2977 anononoauu.

246 3042 307 3098 912
323 3059 347 3095 a.
377 3031 576 3116 προαχθέντα
598 3032 650 3094 διὰ
672 3033 728 3115 τὴν
751 3033 860 3111 αὐτοῦ]
895 3039 1029 3095 Constans
1046 3047 1091 3096 est
1104 3040 1181 3096 inea

160 3127 303 3200 opinione,
333 3141 414 3198 quam
437 3142 519 3198 supra
541 3125 694 3197 proposuit,
716 3125 893 3188 otherium,
922 3141 1004 3196 quern
1027 3141 1042 3178 a
1065 3125 1180 3180 Leontio

158 3212 329 3269 Antiocheno
357 3210 456 3266 caeteri
485 3210 632 3265 Diaconum
661 3211 813 3265 ordinatum
843 3216 985 3273 asserunt,
1017 3227 1032 3264 a
1061 3209 1180 3284 Georgia

158 3270 337 3355 Alerantlrind
359 3296 386 3350 id
409 3295 545 3367 dignitatis
568 3303 745 3350 consecutum
768 3294 911 3349 existimet.

245 3384 306 3440 913
322 3397 345 3437 a.
375 3381 442 3446 πῶς
461 3374 518 3452 μὲν
538 3373 594 3453 τὴν
614 3374 716 3454 νίτρον
730 3368 854 3434 ἅπασαν
869 3371 1002 3451 ἐξὲλαβε]
1027 3377 1179 3436 Nitrasa'aa

160 3468 288 3536 eprepice
302 3464 452 3537 Aepyptiis,
475 3465 512 3519 ait
526 3464 628 3520 Plinius
645 3464 694 3526 31',
708 3466 754 3520 10.
784 3464 852 3519 Hinc
866 3463 950 3523 Nitria
963 3464 1080 3536 Aegypti
1091 3463 1180 3520 vPrae-

118 3584 140 3619 ,3
149 3550 272 3615 ,lectura
295 3568 310 3606 a
331 3551 396 3605 nitri
417 3549 503 3621 copia,
526 3557 558 3605 ut
573 3549 655 3605 refert
670 3548 838 3604 Sozomcnus
854 3551 883 3613 6,
897 3551 946 3606 30.
977 3549 1180 3622 Horumigitur

159 3651 192 3690 ac
214 3625 384 3707 'reliquorum
412 3633 581 3707 vectigalium
614 3634 772 3708 redemptor
801 3635 889 3691 fuerat
921 3633 1070 3707 Georgius,
1104 3633 1182 3708 quod
