2534 4154
62 327 68 347 ⁸
109 342 136 382 lv
525 340 695 391 enarratio,

107 496 178 550 ruine
208 496 383 559 exclusimus,
415 497 476 568 quia
505 496 574 551 libro
604 496 641 550 illi
671 494 815 569 separatim
844 493 948 550 edendo
978 494 1119 548 adiunctae

108 600 196 648 erunt.

191 691 228 745 lle
252 691 300 744 vita
325 699 351 744 et
373 690 480 762 scriptis
502 690 642 763 Epiplranii
666 691 768 763 primus
790 689 876 762 aliqua
900 705 961 744 cum
984 688 1121 761 diligentia

108 788 232 860 exposuit
259 787 376 858 aequalis
399 787 506 841 l‘etavio
537 789 679 861 theologus
709 788 773 842 llari.
797 786 1014 860 PapebroclriuS,
1044 786 1120 841 cuius

107 885 369 948 commentationem,
394 895 528 956 receptam
552 885 577 939 in
601 888 664 939 dcta
688 885 848 939 Sanctorum
871 883 971 939 mensis
987 882 1046 936 llaii
1069 883 1120 936 diei

107 981 273 1046 duodecimi,
298 1000 346 1040 nos
369 973 769 1036 trotarii*Antitaurus-ionibus
792 982 977 1054 praefinimus,
1002 997 1056 1034 non
1079 980 1122 1033 in-

107 1079 199 1133 utilem
229 1081 344 1132 lutumm
374 1079 405 1132 iis
428 1080 472 1152 qui
496 1079 579 1151 prima
603 1079 705 1150 amplae
728 1079 893 1150 quaestionis
917 1078 1049 1133 elementa
1073 1093 1121 1131 co-

107 1192 238 1249 gnoscere
267 1175 371 1238 volent,
404 1193 483 1248 quam
513 1192 675 1248 magnopere
705 1175 851 1248 optandum
882 1185 924 1230 est
957 1184 986 1229 ut
1015 1174 1121 1229 doctior

107 1273 202 1344 aliquis
236 1283 353 1328 nostrae·
378 1273 472 1327 aetatis
511 1273 654 1344 theologus
690 1274 907 1345 pertractandam
945 1272 995 1325 sibi
1033 1280 1122 1326 sumat

107 1371 202 1425 acriori
221 1380 300 1424 utens
317 1370 414 1425 iudicio
431 1367 660 1442 amplioribusque
683 1369 832 1424 instructus
856 1369 1013 1424 eruditionis
1037 1368 1122 1441 copiis

107 1484 187 1540 quam
210 1468 250 1522 vel
272 1485 287 1521 a
309 1466 494 1540 Papebroclrio
517 1467 558 1522 vel
586 1466 619 1521 ab
649 1466 705 1522 aliis
735 1467 883 1538 exspectari
905 1475 1012 1539 poterat
1037 1484 1121 1538 supe-

107 1564 209 1620 riorum
240 1574 391 1638 temporum
419 1563 551 1636 theologis
575 1564 621 1636 qui
644 1565 696 1619 hoc
725 1572 913 1638 argumentum
943 1564 985 1619 alii
1015 1563 1121 1618 brevius

111 1663 154 1717 alii
178 1663 334 1734 explicatius
359 1668 522 1724 tractarunt,
546 1661 619 1717 velut
634 1661 821 1717 Tillemontius
844 1663 872 1717 in
886 1661 1033 1718 Me'mot'res
1046 1678 1122 1733 pour

106 1760 198 1814 servir
231 1756 249 1812 ὰ
277 1757 410 1813 l’bistoire
435 1757 641 1830 ecclesiastieae
664 1760 774 1824 volltl,
793 1762 821 1826 2,
844 1779 871 1834 p.
889 1761 1054 1818 aua-364
1079 1758 1121 1814 ed.

107 1854 221 1911 Bruxell.
245 1855 314 1910 etl.
337 1855 370 1911 bl.
394 1855 592 1912 Sehroeclrhius
620 1857 647 1911 in
670 1857 803 1913 Historiae
825 1857 1022 1914 ecclesiasticae
1044 1855 1123 1912 volu-

106 1952 177 2007 mine
200 1950 314 2006 decimo.

190 2048 229 2102 Ab
253 2047 431 2120 scriptoribus
448 2049 555 2105 Graecis
579 2051 611 2105 (le
634 2050 687 2105 vita
701 2050 842 2123 Epiphanii
864 2067 945 2105 unam
968 2049 1121 2121 accepimus

106 2145 287 2218 copiosiorem
310 2147 490 2201 narrationem
513 2163 593 2219 quam
615 2147 643 2201 in
665 2147 755 2202 fronte
777 2146 919 2202 voluminis
941 2145 1020 2218 primi
1042 2147 1121 2217 posui

105 2259 133 2314 p.
147 2245 255 2308 1-81,
278 2242 311 2298 ab
334 2243 488 2298 hominibus
510 2243 687 2315 compositam
710 2243 916 2316 superstitiosis,
938 2243 966 2298 in
988 2260 1041 2316 qna
1059 2260 1121 2298 vera

107 2346 135 2394 et
162 2340 298 2396 credibilia
327 2340 397 2396 fictis
427 2340 678 2399 etincredibilibus
701 2339 859 2396 mirabiliter
881 2341 962 2396 mixta
986 2358 1047 2397 esse
1069 2341 1120 2396 iam

106 2453 122 2491 a
143 2437 256 2495 baronio
279 2439 306 2493 iu
328 2437 490 2503 Annalibus,
514 2437 699 2512 papebrochio
723 2445 750 2492 et
772 2437 829 2492 aliis
852 2437 978 2494 omnibus
1001 2439 1047 2511 qui
1069 2439 1121 2494 hoc
1198 2420 1200 2426 ⁵

106 2543 294 2605 argumentum
324 2544 472 2591 tractarunt
501 2544 543 2590 est
570 2543 753 2609 perspectum.
798 2535 915 2608 Antiqua
943 2535 1024 2595 huius
1048 2537 1121 2592 Vitae

108 2629 224 2702 epitome
248 2632 380 2686 eustatio
403 2632 472 2688 libro
495 2632 616 2687 Parisino
640 2631 844 2711 membranaceo
867 2633 949 2689 seculi
970 2630 1121 2688 duodecimi

107 2725 170 2782 lolio
195 2721 402 2785 2d8b—278b:
432 2747 512 2802 quam
540 2738 664 2784 accurate
692 2729 725 2784 ab
749 2730 777 2785 F.
797 2729 940 2786 Duebnero
964 2708 996 2784 eir
1018 2729 1119 2795 codice,

108 2840 187 2895 quem
211 2824 288 2880 litera
312 2824 333 2878 ll
357 2824 501 2898 designavi,
526 2825 686 2898 descriptam
710 2827 777 2882 inlra
799 2826 887 2900 posui,
911 2834 941 2882 ut
963 2843 1024 2882 cum
1050 2844 1121 2899 opu-

107 2921 183 2975 sculo
199 2921 305 2994 integro
321 2923 461 2979 commode
477 2924 626 2996 comparari
647 2924 744 2997 possit.
