2534 4154
468 321 758 372 nnrnnnrsnstonss.
1087 311 1121 373 11

114 485 140 533 ut
160 474 274 532 totidem
296 474 348 531 illis
365 474 520 531 nationibus
536 477 699 533 domicilium
715 480 813 551 cuique
828 495 916 542 snum,
941 494 971 534 ae
987 480 1125 552 regionem

108 561 286 635 assignemus.
316 559 346 614 ln
369 577 424 633 quo
439 560 517 616 multi
532 563 671 617 nominum
686 563 874 619 similitudines
891 563 969 618 nimis
985 563 1125 621 ambitiose

109 653 310 703 consectentur.
355 644 403 700 list
429 644 502 700 enim
523 646 667 702 versimile
688 647 834 721 plerosque
856 647 956 704 linibus
978 648 1028 712 iis,
1056 666 1126 721 quos

107 738 282 803 occuparant,
305 728 415 793 relictis,
439 746 470 786 ae
492 731 611 793 sedibus,
634 731 686 788 alio
710 750 770 788 sese
786 733 944 789 contulisse.
972 732 1037 788 Nan]
1052 733 1126 807 quod

105 815 215 888 lloyses
236 823 343 879 narrat,
366 814 453 870 abiis
477 825 637 888 propagatas
660 834 720 872 esse
743 818 866 873 nationes
889 834 993 881 omnes,
1017 834 1070 873 non
1087 819 1126 875 sio

104 899 293 973 accipiendum
315 908 365 963 est,
388 908 418 955 ut
442 916 486 955 eas
509 918 558 972 per
580 918 641 956 sese
663 902 789 974 primum,
816 897 867 957 καὶ
890 893 1013 975 ἀμέσως
1034 903 1126 976 reqio-

103 1002 156 1041 ues
178 983 337 1048 insederint,
360 993 441 1057 atque
463 984 490 1039 in
513 1002 605 1040 earum
628 987 829 1059 possessionem
843 987 942 1060 pedem
956 987 1008 1061 ipsi
1023 1004 1126 1061 posue·

103 1071 175 1133 rint,
205 1067 254 1125 sed
282 1077 311 1124 nt
340 1084 372 1124 eo
395 1069 490 1125 saltem
513 1069 620 1125 illorum
644 1072 747 1143 posteri
768 1073 980 1145 commigrarint.
1027 1073 1125 1129 Verum

105 1156 176 1210 baec
200 1154 336 1210 discutere
357 1153 487 1225 longioris
511 1139 538 1210 el
560 1170 669 1227 operae,
693 1165 720 1210 et
742 1155 852 1212 alterius
874 1157 991 1213 instituti
1014 1158 1102 1213 luerit.
1158 1219 1164 1242 Ι

194 1242 252 1295 la.
288 1232 372 1304 Ψοῢς
394 1232 432 1293 τὰ
452 1229 668 1312 intemperant]
701 1239 829 1296 blendose
852 1258 901 1313 pro
921 1234 1125 1315 Ἆξουμιτικὰ,

103 1334 136 1380 ut
160 1332 203 1380 est
225 1324 251 1378 in
272 1323 461 1378 Sethianorum
484 1323 604 1381 Haeresi.
634 1324 689 1380 Nee
710 1326 799 1380 minus
822 1328 1018 1382 emendandum
1033 1319 1124 1395 ψοὺς,

103 1426 157 1482 pro
180 1426 236 1483 qno
259 1399 348 1484 podo
369 1408 523 1481 legendnm,
554 1410 609 1465 sive
631 1419 662 1465 ut
684 1419 726 1466 est
741 1410 833 1474 Esaiae
852 1415 900 1475 ll,
915 1414 948 1468 19
966 1409 1018 1470 bas
1035 1402 1124 1488 peril„

104 1494 145 1550 lle
167 1493 298 1550 Axumitis
320 1493 387 1549 alius
410 1494 461 1549 erit
484 1494 589 1549 dicendi
612 1494 697 1550 locus.

189 1570 317 1653 Ῥεγμᾶ,
340 1572 389 1632 καὶ
412 1573 514 1650 Supini,
538 1578 638 1651 καθᾶ]
667 1582 742 1635 Corn.
766 1572 957 1651 Σαβαθακὰ,
986 1579 1033 1653 qui
1055 1580 1140 1634 inter·⁴

105 1663 178 1720 filios
195 1662 267 1718 Cbus
283 1672 450 1719 recensetur.
474 1664 527 1719 Pro
542 1658 643 1732 a'lodd',
661 1658 887 1721 lortasserdd'.
911 1665 1015 1736 Quippe
1030 1660 1124 1719 Aou-

105 1742 188 1820 dteip
211 1748 283 1803 inter
303 1746 372 1803 filios
395 1747 530 1804 Mestraim
553 1757 738 1804 numerantur.

196 1836 211 1888 7
230 1832 257 1888 b.
287 1823 326 1888 τὰ
347 1824 424 1907 πρὸς
437 1834 475 1909 τῇ
493 1825 649 1906 Γαράμων
659 1825 762 1913 χώρᾳ]
785 1835 825 1888 An
837 1825 1001 1907 Idpdploiv?
1023 1851 1056 1888 an
1073 1849 1125 1905 po·

104 1919 163 1975 tius
176 1907 398 1992 Γαραμάντων.
428 1917 494 1972 Nam
516 1919 582 1973 liaeo
604 1918 688 1973 vteim
712 1927 776 1973 sunt
798 1920 914 1974 nomina.
946 1919 993 1974 Est
1008 1919 1054 1992 qui
1069 1918 1126 1974 lle-

104 2018 212 2076 gamam
235 2001 391 2064 Ptolemaei,
414 2019 483 2076 quae
507 2011 549 2058 est
570 2004 597 2057 in
608 2002 705 2058 Arabia
728 2003 869 2065 selicead
885 2005 984 2076 Regma
1008 2004 1126 2060 transle-

104 2096 164 2143 rat:
189 2091 222 2142 ne
245 2102 297 2159 qua
319 2086 416 2141 Ezeoh.
442 2089 490 2152 27,
509 2089 548 2144 22
572 2100 677 2147 minem
701 2102 771 2147 suu
795 2087 879 2149 *bn-i.

198 2175 212 2229 7
228 2187 252 2227 n.
283 2163 424 2246 Νεβρώθ
438 2166 497 2248 γὰρ
512 2163 678 2246 βασιλεύει]
696 2174 787 2242 Quem*
797 2174 918 2246 plerique
931 2191 1024 2230 ornnes
1038 2174 1126 2230 Chro-

103 2256 215 2328 nologi,
240 2256 293 2311 imo
317 2264 344 2312 et
366 2257 468 2328 anitiqui
490 2257 593 2320 Patres,
617 2258 708 2312 belum
732 2259 814 2313 luisse
837 2268 957 2323 censent,
982 2257 1124 2330 babylonis

105 2341 286 2399 conditorem.
317 2340 402 2397 llnius
424 2341 507 2397 llliurn
524 2345 608 2396 Assur
623 2343 788 2414 Epiphanius
811 2342 888 2397 lacit:
912 2360 992 2414 quem
1015 2342 1123 2416 quidem

104 2427 205 2483 Ninum
228 2425 311 2490 luisse
333 2442 382 2498 par
404 2435 461 2488 est.
485 2427 509 2481 si
531 2425 680 2481 Neinbrotlt
703 2425 773 2481 idem
796 2444 857 2481 onrn
881 2427 943 2481 liele
966 2427 1055 2482 luerit.
1092 2427 1126 2482 Et

106 2511 203 2569 eadem
232 2509 377 2584 utrobique
409 2511 551 2583 colligendi
580 2511 657 2566 ratio.
701 2511 766 2565 llam
790 2511 868 2565 belus
891 2510 1054 2584 Babylonem
1077 2529 1126 2567 en·

104 2596 200 2659 trusit,
225 2603 252 2650 et
266 2594 351 2650 Ninus
366 2595 495 2650 Ninivem.
525 2596 605 2666 Atqui
627 2596 745 2667 priorem
768 2612 782 2649 a
805 2594 963 2660 Nembroth,
987 2597 1126 2669 posterio-

105 2699 166 2738 rem
189 2680 222 2735 ab
238 2682 323 2734 Assur
344 2680 478 2736 civitatem
500 2679 635 2735 conditam
650 2680 756 2752 llopses
772 2680 896 2736 affirmat.
928 2681 1024 2737 Verum
1040 2684 1126 2737 Assur

107 2767 313 2827 Genes.10,ll
340 2765 428 2837 gentis
451 2781 550 2821 nomen
573 2782 642 2827 esse.
667 2782 722 2821 non
745 2765 793 2821 viri
815 2767 955 2838 proprioru
972 2767 1126 2822 existimant

104 2850 165 2917 alii;
196 2849 294 2922 quibus
321 2849 439 2905 libenter
467 2849 682 2923 subscripserim.
729 2850 782 2906 Sed
810 2851 877 2906 haee
906 2853 1063 2915 nnitaliurn,
1094 2868 1125 2905 ac

106 2933 351 3007 Chronotogiarum
380 2935 490 3008 paginas
518 2935 646 3009 implent,
678 2953 728 2992 nec
757 2945 821 2992 sunt
843 2935 966 3008 pluribus
988 2937 1041 2992 lioe
1063 2935 1124 2991 loeo

105 3018 291 3091 disceptanda.

194 3094 306 3160 τούτου
328 3095 347 3179 ἦ
369 3097 512 3175 βασιλεία
520 3096 623 3179 Ὀρὲχ]
648 3105 700 3160 Pro
713 3094 832 3181 Ἀρφὰλ
845 3105 909 3159 txx
923 3095 1044 3180 Ἀρχὰδ,
1067 3101 1125 3157 lle-

105 3186 183 3247 braei
206 3200 281 3249 nnn·
771 3235 774 3240 .

193 3267 282 3342 κτίζει
306 3264 339 3327 δὲ
360 3267 410 3326 καὶ.
433 3265 488 3347 τὴν
512 3264 638 3349 Θιιράς]
671 3273 766 3328 Nescio
790 3273 861 3327 unde
884 3272 950 3328 baec
974 3272 1124 3344 expiscatus

105 3361 157 3424 sit,
188 3375 257 3432 quae
284 3358 311 3412 in
335 3357 470 3413 Geneseos
506 3361 540 3415 10
564 3358 609 3413 illo
633 3358 719 3430 eapite
742 3374 796 3412 non
818 3356 955 3427 leguntur.
1001 3356 1050 3412 Ubi
1072 3357 1125 3413 hoe

105 3447 238 3502 duntaxat
259 3442 390 3498 habetur:
413 3442 576 3515 Principium
594 3443 671 3515 regni
687 3441 835 3497 Nernbrotlr
851 3441 934 3497 luisse
951 3440 1122 3514 Babylonem,

107 3526 160 3586 καὶ
181 3520 282 3605 Ὀρὲχ,
305 3522 355 3582 καὶ
371 3517 497 3603 Ἀρχὰδ,
521 3522 571 3583 καὶ
586 3517 735 3600 Χαλάννη
758 3525 785 3580 in
800 3534 872 3580 terra
888 3526 1017 3582 sennaar.
1051 3527 1124 3582 Unde

107 3618 196 3670 Assur
217 3629 344 3687 egressus
360 3602 538 3692 ᾠκοδόμησε
554 3605 609 3686 τὴν
624 3606 740 3681 Nesoi,
763 3605 813 3666 καὶ
830 3604 884 3685 τὴν
899 3604 1052 3685 Ῥοωβὼθ
1065 3605 1124 3668 πό-
