2534 4154
107 122 210 166 cxxxiv
457 113 575 165 attath
591 111 765 164 t‘ttttttbt'to.

108 275 193 332 literis
215 273 374 336 utilitatem,
397 287 427 327 ac
450 286 484 325 ne
508 271 530 324 ei
554 266 677 343 quidem,
701 267 747 341 qui
769 267 958 333 errauerit‚·si
980 284 1012 322 se
1033 268 1170 359 borni

48 350 57 370 ⁸
106 377 167 416 nem
197 366 290 414 natum
318 374 378 413 esse
406 355 579 419 recordetur,
611 354 703 429 odiosa
726 353 825 418 videri,
854 351 896 408 rel
918 351 1009 424 iniqua
1030 351 1170 441 debe„

106 446 193 500 Movet
223 461 287 498 vero
316 441 478 515 plerosque,
508 448 588 511 atque
611 437 644 494 ab
667 439 716 493 hac
739 437 846 511 publice
869 437 1056 493 commodandi
1078 456 1162 511 bg,

107 531 180 584 tione
203 528 336 589 deterret,
360 544 414 582 non
438 524 614 597 reprehensio
638 525 738 578 erroris
762 525 833 596 ipsa,
857 524 904 578 sed
927 522 1073 578 insultandi
1109 537 1140 584 m

106 615 191 669 aliena
220 614 297 685 culpa
320 611 402 667 libido
425 611 556 685 quaedam
579 610 702 681 petulans
726 626 755 663 ac
778 626 894 680 procax,
923 625 991 679 quae
1014 617 1124 662 utcum-

107 717 159 771 que
181 699 223 753 vel
244 698 376 753 levissima
399 696 425 750 in
448 713 478 750 re
501 694 645 749 titubarem
668 694 727 757 erit,
753 692 774 746 si
797 694 877 747 unius
900 693 1010 747 voculae
1034 694 1071 747 vis
1093 711 1124 767 ac

108 791 228 856 potestas
251 784 429 854 lnterpretem
453 781 560 853 sugerit,
584 781 622 834 sic
645 779 720 850 quasi
745 779 819 850 Reip.
843 779 915 832 salus
939 787 1042 849 agatur,
1067 795 1123 832 rem

107 870 140 923 ah
163 868 277 923 honesta
301 867 475 923 contentione
498 865 529 919 ad
554 864 696 919 illiberales
719 863 788 916 rixas
812 872 839 918 et
862 862 991 926 sordidas,
1016 863 1048 917 ad
1064 864 1124 918 loe·

107 955 229 1007 dissimas
253 952 412 1015 simultates
436 960 516 1022 atque
539 951 572 1004 ad
594 965 771 1021 personarum
787 948 906 1010 iniurias
931 949 1125 1003 contumelias·

107 1055 160 1110 que
184 1038 357 1092 transferunt.
399 1036 470 1091 llaec
493 1035 575 1107 igitur
596 1034 654 1106 ipsa
677 1033 761 1087 lamae
796 1033 961 1104 honorisque
984 1034 1124 1105 proposita

107 1123 241 1178 dimicatio
263 1122 370 1194 quietos
394 1130 421 1176 et
443 1121 596 1175 moderatos
620 1118 757 1180 homines,
782 1118 828 1190 qui
851 1117 1009 1172 nonnullum
1035 1128 1125 1173 tamen

108 1209 134 1262 in
164 1207 270 1280 publica
300 1206 350 1261 sibi
380 1203 611 1261 commendatione
644 1201 767 1257 laborum
797 1203 914 1257 fructum
943 1204 1123 1266 constituunt,

107 1293 236 1365 defugere
266 1309 375 1365 operam
402 1291 473 1344 illam
496 1289 623 1342 admonet
645 1287 735 1359 potius
758 1304 837 1361 quam
866 1304 927 1342 cum
961 1286 1068 1342 acribus
1098 1298 1126 1343 et

108 1377 275 1450 pugnaeibns
298 1375 464 1436 adversariis,
488 1373 569 1427 etad
592 1372 700 1447 quaevis
722 1373 833 1427 dicenda
867 1373 1052 1445 audiendaque
1077 1390 1126 1446 pa-

108 1463 248 1517 ratissimis
271 1463 298 1514 in
321 1459 424 1533 puerile
447 1467 582 1512 certarnen
607 1458 781 1512 descendere.
811 1458 873 1511 blihi
896 1475 969 1521 vere,
994 1458 1125 1530 quemad

109 1547 249 1602 sublimius
279 1544 403 1617 quiddam
433 1551 459 1597 et
483 1542 595 1596 divinius
624 1543 739 1613 cogitata
773 1542 861 1597 omnia
891 1543 1056 1614 consiliaque
1079 1561 1125 1598 re·

110 1631 179 1684 lerre
201 1638 343 1699 susceptae
366 1628 434 1681 vitae
456 1627 575 1682 rationes
599 1627 751 1691 hortantur,
776 1637 856 1699 atque
882 1628 948 1683 haec
965 1628 1125 1686 venusino-

108 1730 167 1767 rum
191 1721 217 1767 et
239 1712 468 1783 ineptissirnerum
491 1712 630 1766 hominum
652 1711 748 1766 iudicia
772 1721 961 1776 contemnere,
986 1730 1034 1766 cnr
1059 1713 1125 1785 Epi·

100 1791 197 1868 'phanii
220 1795 470 1868 interpretationem
493 1813 601 1850 vererer
629 1797 775 1868 attingere,
805 1814 899 1851 caussa
921 1797 1051 1869 imprimis
1074 1799 1125 1853 ista

111 1881 168 1944 luit,
192 1881 263 1953 quod
283 1897 343 1935 eum
359 1880 461 1936 lentum
477 1898 507 1936 ac
522 1881 679 1935 diuturnum
696 1883 753 1937 sore
768 1882 907 1954 negotium
923 1883 987 1937 illud
1004 1882 1126 1937 animad-

110 1974 250 2029 verterem,
275 1966 440 2020 tantumdem
462 1965 705 2038 praestantioribus
728 1967 823 2021 studiis
840 1968 989 2021 detractum
1006 1967 1037 2021 iri
1055 1976 1126 2022 tern-

110 2051 182 2124 poris
211 2068 364 2113 cernerem,
393 2060 523 2123 quantum
552 2051 579 2104 in
608 2067 666 2106 eam
695 2052 900 2124 occupationem
923 2060 996 2107 esset
1019 2053 1126 2107 insum-

109 2146 195 2209 ptum.
231 2136 382 2192 Accedebat
405 2136 436 2191 ad
460 2153 630 2192 communem
652 2137 847 2208 interpretandi
870 2138 1019 2192 molestiam
1043 2155 1124 2209 prae·

110 2222 187 2295 cipua
216 2223 346 2294 quaedam
375 2222 470 2278 inille
499 2223 631 2295 scriptore
654 2222 812 2285 difficultas,
843 2222 914 2294 quod
937 2223 1073 2295 incompta
1098 2232 1125 2278 et

109 2306 245 2362 salebrosa
269 2318 310 2363 est
331 2308 402 2362 illius
425 2308 527 2371 oratio,
558 2317 584 2363 et
611 2308 638 2362 in
661 2323 714 2379 qua
737 2308 954 2380 frequentissime
977 2317 1125 2362 occurrunt

110 2391 161 2452 illa,
186 2409 254 2462 quac
278 2393 371 2447 Graeci
394 2384 570 2448 dvondd'oao
593 2401 620 2447 et
642 2383 841 2448 ἀνακόλουθα
862 2393 1011 2454 nominant,
1039 2393 1125 2464 pede-

109 2484 165 2528 stre
188 2491 218 2529 ac
239 2477 369 2548 populare
392 2477 497 2532 dicendi
519 2494 614 2548 genus.
646 2478 724 2545 Quod
747 2478 800 2532 sive
822 2478 879 2548 pari
902 2477 1034 2531 sermonis
1058 2479 1125 2532 sim·

111 2559 227 2630 plicitate
250 2561 380 2630 consequi
402 2562 528 2623 volneris,
552 2561 711 2633 subagreste
734 2562 858 2633 quiddam
883 2562 979 2615 existet
1001 2578 1032 2615 ac
1049 2563 1125 2634 pnti-

111 2643 189 2706 dnm,
220 2643 370 2698 cuiusmodi
399 2653 464 2699 sunt
486 2645 577 2698 Latina
605 2645 661 2699 lere
685 2646 819 2709 Ceruarii,
851 2645 927 2699 cirins
957 2662 1006 2698 nos
1029 2647 1125 2718 utique

110 2726 209 2782 similes
232 2745 291 2782 esse
314 2726 440 2783 nolimus.
481 2729 528 2783 Sin
551 2738 675 2784 ornatum
698 2736 779 2802 atque
802 2729 903 2784 cultum
927 2728 1067 2791 adhibeas,
1099 2732 1125 2785 id

111 2813 168 2867 sine
190 2829 285 2886 magna
307 2813 502 2868 sententiarum
525 2814 735 2868 commutatione
758 2813 881 2869 obtinere
900 2813 939 2867 vix
955 2814 1053 2885 pessis.
1077 2817 1125 2871 Al-

112 2908 167 2952 tera
190 2914 283 2952 caussa
307 2907 357 2962 est,
381 2898 453 2971 quod
476 2898 555 2953 iidem
578 2899 613 2953 illi
638 2899 779 2972 Epiphanii
803 2898 864 2953 libri
886 2899 990 2954 mendis
1012 2916 1042 2953 ao
1066 2918 1124 2955 ma-

111 2983 178 3037 culis
205 2991 309 3038 scatent
331 2984 493 3047 innumeris,
524 3001 592 3058 quae
615 3001 670 3039 non
692 2983 772 3038 modo
795 2983 944 3056 infringunt
967 2984 1123 3057 interpretis

110 3078 245 3133 conatum,
269 3068 316 3124 scd
338 3069 370 3124 ad
393 3070 577 3133 divinationes,
601 3087 631 3124 ac
653 3069 808 3124 temerarias
832 3069 965 3125 interdum
982 3071 1123 3126 coniectu-

110 3171 151 3207 ras
174 3154 299 3226 adigunt:
324 3153 386 3208 dum
410 3172 444 3210 ne
467 3172 600 3227 suspensa
623 3171 653 3209 ac
675 3154 768 3209 mutila
795 3156 928 3210 sententia
945 3156 1121 3229 relinquatur.

108 3239 235 3310 supplere
257 3238 341 3294 multa
365 3240 397 3294 de
420 3257 480 3304 suo,
505 3248 551 3293 aut
566 3239 651 3303 aliter,
676 3246 757 3313 atque
772 3241 841 3296 edita
858 3250 929 3305 stunt,
953 3241 1123 3296 ‹ioiitonnare

109 3323 222 3393 cogitur.
254 3325 282 3378 ln
307 3342 360 3397 quo
385 3334 413 3380 ut
431 3332 509 3379 acute
525 3341 579 3378 non
596 3341 678 3396 pauca
695 3332 721 3380 et
737 3327 852 3381 solerter
867 3326 991 3390 inveniat,
1015 3325 1124 3380 aberret

108 3415 196 3462 tanuen
225 3408 375 3472 interdum,
405 3426 488 3481 seque
512 3408 742 3465 criminationibus
765 3412 894 3475 istorum,
919 3428 987 3483 quos
1011 3411 1071 3474 dixi,
1096 3420 1123 3464 et
