2534 4154
124 230 190 296 110
579 238 695 291 amaru
746 262 750 267 -

122 399 289 462 otroobabas.
317 399 359 454 Ad
372 398 441 454 haec
455 395 596 471 inscriptio
610 396 679 471 ipsa,
701 411 784 470 qaam
798 395 880 470 paulo
893 405 957 454 ante
970 395 1147 471 prontinus,

122 482 379 563 idipsumsuadere
400 490 502 556 potest.
532 481 597 538 Nam
620 481 767 545 Aurelium,
795 496 876 554 quem
898 480 1082 539 Verisainm
1096 498 1149 558 qr·-

123 570 218 648 pellat,
239 569 361 627 nondum
384 567 525 624 Caesarem
547 575 634 630 vocat,
665 583 726 623 cum
748 574 839 622 tamen
858 566 933 623 Lucii
948 566 1008 622 Veri
1030 575 1146 641 patrem,

124 656 173 733 qui
194 654 229 713 ab
250 653 367 710 Adriano
389 653 505 727 primum
528 652 672 725 adoptatus
694 652 797 713 fuerat,
821 652 986 708 eonomine
1008 651 1148 726 insigniat

124 740 208 815 Atqui
235 748 299 814 post
320 738 429 794 Adriani
458 745 575 794 mortem
596 736 722 792 Aurelius
747 735 867 791 Caesaris
895 753 994 792 nomen
1018 736 1148 794 obtinuit.

125 825 259 897 Quocirca
282 824 373 880 statim
395 832 459 896 post
472 822 581 877 Adriani
602 837 698 878 neeem
720 820 801 894 paulo
823 829 967 894 antequam
983 821 1084 879 Caesar
1097 840 1149 896 ap-

124 910 274 986 pellaretur
285 908 419 972 Aurelius,
443 907 562 980 priorem
576 905 734 979 Apologiarn
757 907 838 980 (quae
859 922 1003 980 perperam
1026 908 1148 964 secundo

124 995 187 1054 loeo
207 994 331 1069 ponitur)
355 992 483 1048 hahuisse
505 992 619 1047 videtur.
649 992 769 1064 Apparet
791 991 903 1064 insuper
929 991 1074 1050 Verissimi
1095 1010 1149 1050 uo-

124 1096 190 1139 meu
219 1079 298 1136 etiam
327 1085 390 1151 post
419 1077 519 1132 virilem
548 1085 639 1149 togam
662 1092 746 1148 penes
768 1074 886 1131 Marcum
908 1076 1047 1134 Aurelium
1069 1094 1150 1135 rese-

125 1165 209 1229 disse,
233 1163 339 1220 tametsi
355 1162 520 1236 Capitolinus
542 1170 687 1233 antequam
709 1160 810 1215 virilem
834 1169 923 1233 togam
940 1170 1070 1228 sumeret,
1095 1162 1150 1220 Ve-

125 1249 278 1316 rissimum3
303 1266 334 1304 ea
349 1255 488 1320 usurpata,
511 1247 627 1301 Annium
645 1245 741 1300 Verum
757 1245 885 1318 deinceps
901 1247 1071 1303 nominatum
1087 1264 1148 1304 asse

126 1335 275 1411 scripserit.
325 1334 439 1391 Virilem
461 1339 554 1387 autern
575 1338 669 1402 togam
687 1331 807 1402 sumpsit
828 1331 1032 1402 quintodecimo
1044 1333 1149 1389 aetatis

125 1436 213 1485 anno,
236 1428 267 1476 ut
288 1417 358 1475 idem
382 1425 507 1473 testatur.
538 1416 616 1484 Quod
638 1415 785 1488 superstite
800 1416 889 1472 adhuc
904 1416 1021 1473 Adriano
1036 1417 1148 1475 laetum.

121 1504 266 1579 *Siquidem
295 1512 419 1559 mortuus
447 1510 490 1556 est
516 1501 648 1556 Adrianus
679 1500 819 1556 Camerino
849 1509 876 1556 et
903 1500 987 1574 Nigro
1011 1501 1089 1559 Coss.
1105 1503 1148 1560 vt

120 1588 185 1647 bid.
209 1589 258 1645 lul.
281 1606 352 1644 anno
375 1586 450 1643 urbis
475 1588 546 1644 891.
569 1585 673 1642 llarcus
696 1602 759 1641 vero
783 1594 926 1642 natusest
949 1586 1019 1643 Vero
1040 1595 1070 1644 et
1091 1590 1151 1645 Au-

110 1690 196 1749 ·gure
219 1673 295 1729 Coss.
319 1689 390 1728 anno
414 1674 484 1730 814.
518 1672 604 1744 Igitur
625 1688 725 1726 aunum
748 1669 845 1743 agebat
871 1672 908 1729 18
930 1688 992 1727 oum
1014 1672 1150 1730 Adrianus

128 1759 252 1814 excessit.
298 1757 372 1825 Quae
395 1757 427 1813 de
449 1755 597 1829 Apologiaa
620 1756 763 1828 utriusque
786 1764 910 1828 tempore
941 1765 1024 1830 atque
1052 1758 1149 1815 ordine

128 1841 252 1906 dirimas,
276 1841 355 1896 dubia
379 1858 433 1896 non
457 1849 543 1905 erant,
567 1840 618 1894 nisi
640 1841 771 1913 quaedam
794 1857 826 1896 ex
841 1839 958 1898 Eusebio
981 1851 1009 1897 et
1031 1842 1150 1899 11111111-

88 1968 92 1974 .
129 1927 305 1990 tervenirent,
329 1942 398 1998 quae
420 1925 522 1996 negotii
545 1923 711 1995 aliquantum
734 1924 863 1981 lacerent.
893 1927 1150 2000 1001110001Εο-

129 2010 222 2068 sebius
245 2028 269 2066 e.
286 2013 322 2068 16
337 2011 392 2066 sive
409 2013 444 2066 17
466 2008 635 2064 Christianae
656 2010 776 2065 mulieris
798 2010 938 2066 historiam
960 2012 1095 2084 quandam
1118 2029 1151 2069 ex

128 2096 220 2171 priore
237 2096 331 2152 luscini
346 2095 476 2168 Apologia
499 2103 633 2157 recenset,
657 2095 775 2167 quaein
798 2096 882 2168 prima
905 2096 1037 2153 hodierna
1058 2098 1151 2155 conti·

129 2189 219 2238 netur.
249 2181 350 2237 Deinde
373 2181 443 2236 idem
466 2180 524 2252 ipse
546 2179 666 2235 lustinus
688 2179 802 2253 Apol.2
826 2189 888 2236 ante
910 2198 997 2236 annos
1022 2184 1092 2248 150,
1116 2183 1149 2239 ah

130 2284 163 2325 co
185 2284 266 2331 anno,
289 2283 344 2341 quo
368 2264 557 2321 defensionem
579 2264 658 2320 istam
680 2264 830 2329 scribebat,
855 2265 992 2321 Christum
1015 2284 1077 2324 esse
1099 2285 1151 2324 ua·

89 2361 186 2414 satum
209 2360 350 2408 memorat.
382 2351 447 2407 Cum
469 2368 535 2424 ergo
562 2351 620 2408 138
645 2350 744 2407 Christi
769 2367 839 2406 anno
861 2351 995 2407 Antonius
1018 2351 1083 2408 Pius
1106 2353 1151 2409 iu-

127 2437 200 2502 ierit,
224 2437 300 2492 Coss.
324 2436 474 2501 Camerino,
497 2453 528 2492 ac
550 2436 641 2508 Nigro,
669 2452 840 2508 consequens
863 2445 905 2491 est
927 2453 998 2492 anno
1020 2437 1150 2494 Antonini

133 2524 181 2585 13,
204 2522 274 2575 hanc
296 2538 366 2595 quae
384 2521 505 2577 'secunda
528 2529 696 2586 numeratur,
720 2538 844 2595 quaeque
866 2520 975 2576 anobis
990 2521 1068 2595 prior
1080 2540 1151 2579 con-

129 2606 261 2669 stituitur,
284 2606 442 2678 Apologiam
466 2622 526 2661 esse
548 2606 684 2679 scriptam.
715 2606 858 2661 Praeterea
881 2604 1023 2662 Marcionis
1047 2606 1151 2665 Haere-

129 2690 176 2745 tici
199 2688 306 2745 duobus
333 2689 361 2744 in
382 2689 449 2745 locis
472 2690 603 2745 meminit.
643 2690 720 2747 lluno
743 2700 834 2746 autem
856 2689 907 2745 suh
929 2691 1067 2748 Antonino
1089 2693 1148 2759 Pio,

129 2782 194 2849 post
221 2790 307 2828 annos
336 2773 368 2828 ab
398 2774 474 2829 obitu
504 2773 602 2830 Christi
627 2777 685 2832 116
714 2775 771 2831 lere
799 2774 943 2830 emersisse
966 2774 1149 2834 Tertullianus

130 2859 272 2917 confirmat
294 2875 355 2914 eon.
379 2858 443 2914 llar.
464 2861 548 2922 1,19.
593 2859 652 2914 Non
682 2860 771 2933 potuit
797 2859 881 2932 igitur
908 2860 995 2932 primo
1021 2863 1151 2920 Antonini

130 2947 257 3019 Imperat.
280 2961 351 2998 anno
374 2943 499 3000 Defensio
521 2942 564 2998 illa
587 2943 620 2999 ab
643 2944 747 3000 Iustino
769 2961 830 3000 esse
853 2945 962 3017 scripta.
994 2947 1048 3003 Sed
1069 2956 1101 3004 ut
1118 2965 1151 3004 ex

129 3031 163 3086 iis
185 3029 260 3086 tricis
282 3037 422 3102 utcunque
444 3044 474 3084 se
496 3027 593 3084 veritas
616 3029 739 3101 explicet,
762 3029 827 3085 mihi
849 3030 993 3086 admodum
1008 3032 1151 3105 probabile

129 3116 249 3178 videtur,
279 3114 329 3169 nisi
357 3114 449 3187 plures
477 3111 582 3168 duabus
609 3130 659 3186 pro
684 3114 841 3169 Christianis
862 3114 1008 3189 Apologias
1030 3117 1151 3174 lustinus

131 3201 259 3265 ediderit,
288 3199 399 3256 omnino
421 3198 533 3272 primam
556 3215 617 3254 esse
639 3215 709 3272 quae
730 3198 811 3272 vulgo
833 3199 950 3255 secunda
973 3211 1149 3270 numeratur;

130 3286 252 3358 adeoque
276 3284 326 3340 sub
349 3284 454 3340 initium
469 3283 599 3339 Antonini
619 3283 745 3358 imperat.
769 3284 897 3357 scriptam
911 3285 1004 3351 luisse,
1028 3289 1103 3362 quod
1117 3305 1151 3344 ex

130 3366 165 3425 iis
182 3369 348 3443 argumentis
363 3369 531 3434 coniioimus,
555 3385 624 3442 quae
639 3377 703 3424 sunt
718 3378 796 3425 autea
811 3369 961 3444 proposita.
989 3372 1072 3445 Atqui
1092 3375 1149 3431 too

2 3490 9 3506 .
115 3471 217 3514 ¹annos
245 3471 259 3510 a
283 3455 381 3511 Christi
409 3463 472 3510 ortu
500 3454 534 3509 ad
554 3453 621 3510 illud
644 3463 751 3527 tempus
773 3455 857 3529 elapsi
879 3466 1065 3513 numerantur.
1111 3459 1151 3516 lta

131 3538 240 3612 quidem
262 3539 391 3606 lustinus,
413 3541 462 3596 sed
483 3556 545 3596 eum
567 3539 649 3613 paulo
671 3539 786 3597 tortasse
807 3540 869 3614 plus
889 3543 946 3599 tto
962 3542 1152 3601 0001110111-
