2534 4154
109 310 148 370 76
189 360 193 367 ι
562 322 676 371 rxrxvu

108 480 171 535 Tam
194 480 317 534 immanis
341 469 565 552 ἂναχρονισμὸς
585 477 710 533 resarciri
732 485 873 549 utcunque
896 476 1011 549 poterit,
1039 477 1062 532 si
1084 477 1133 532 lu-

107 575 166 659 xata
188 565 305 619 haeoet
327 565 414 620 alieno
437 563 497 619 loco
520 563 607 636 posita
631 562 744 627 dixeris,
772 555 853 629 ἐξότε
877 552 984 630 αὐτὸς,
1014 569 1073 660 etc.)
1098 569 1132 618 ut

107 659 144 704 a
166 666 276 704 omnmo
299 649 444 722 legendum
467 648 516 712 sit,
546 641 675 704 Λιὲιιισι
697 641 757 722 γὰρ
778 639 798 720 ἦ
821 639 907 713 τάξις
928 639 1011 713 ἐξότε
1035 638 1134 713 αὐτὸς

107 751 247 809 γενναῖαι
270 730 302 789 ἓν
318 726 465 808 Βηθλεὲμ
455 733 544 807 ιτῆς
562 724 715 799 Ιουδαιάς
736 727 783 788 ἐπὶ
807 733 871 797 τοῖς
887 725 1012 830 χρόνοις
1023 723 1133 831 Ἡρώ-

108 814 164 873 δου
186 820 242 875 τοῦ
263 812 415 891 βασιλέως
437 813 486 872 καὶ
508 808 696 892 Αιιιουσιου
719 819 774 873 τοῦ
792 809 952 889 Ρωμαίων
970 807 1134 893 αὐτοκρά-

107 920 211 977 ιορος
234 900 284 958 καὶ
308 899 378 978 ισιη
400 899 447 958 ἐια
441 894 667 1003 Ἀλεξάνδρου
691 904 746 958 τοῦ
770 892 830 956 ἀπὸ
852 896 957 1002 γένους
975 894 1132 1001 ἱερατικοῦ

108 970 1134 1086 ωῷωωωαφπιψὼωὼωυωπωη

108 1090 170 1147 ρος,
194 1066 254 1128 ἀπὸ
273 1066 396 1149 χρόνων
418 1063 514 1128 αὐτοῦ
536 1091 567 1128 ιι
590 1067 640 1127 καὶ
657 1067 821 1141 Σααλίνας,
845 1072 900 1146 τῆς
922 1091 972 1126 και
965 1063 1134 1138 Ἀλεξάν-

108 1154 184 1231 δρας
206 1150 442 1252 καλουμένης.
433 1175 467 1224 ος
489 1152 539 1212 καὶ
563 1149 710 1232 διάδημα,
734 1166 786 1212 etc.
817 1156 872 1212 Hac
895 1156 1003 1229 quidem
1023 1159 1133 1212 ratione

85 1243 194 1298 -labem
223 1243 295 1298 illam
324 1244 443 1316 priorem
466 1242 639 1306 evitabimuS,
669 1259 757 1314 neque
780 1241 921 1297 Alexandri
945 1242 1044 1297 exitum
1067 1259 1133 1297 cum

108 1327 207 1383 Christi
231 1337 293 1383 ortu
316 1328 512 1401 copulabimus.
544 1327 642 1382 Verum
665 1328 729 1382 huic
751 1327 923 1382 coniecturae
947 1335 1056 1382 nostrae
1074 1344 1133 1383 non

107 1413 251 1469 admodum
281 1413 450 1469 confidimus.
497 1412 602 1484 Quippe
631 1412 658 1466 iu
681 1412 791 1467 Haeresi
815 1415 850 1467 51
884 1413 977 1467 eadem
999 1411 1136 1484 perebi-

107 1499 207 1553 storiae
230 1488 374 1573 σύγχυσις
395 1498 428 1552 ab
444 1496 594 1569 Epiphanio
617 1498 740 1568 repetita.
774 1496 847 1564 Quae
870 1504 901 1551 ιιι
924 1504 1063 1569 postremo
1084 1513 1135 1553 ca-

107 1583 230 1656 stiganda
251 1584 382 1646 videatur,
406 1582 472 1637 illud
495 1591 583 1637 tamen
607 1598 691 1636 unum
715 1582 850 1654 supererit
873 1591 967 1637 contra
990 1582 1133 1637 veritatem

107 1668 236 1722 historiae
266 1668 381 1732 dictum,
410 1667 436 1721 in
460 1667 610 1722 Alexandro
640 1667 840 1722 Sacerdotalem
869 1666 940 1721 illam
972 1667 1135 1739 regiamque

109 1753 221 1807 desiisse
250 1753 371 1824 stirpem.
416 1752 481 1806 Nam
511 1769 544 1807 ex
571 1752 687 1824 losepho
719 1761 824 1807 constat
854 1760 917 1823 post
938 1751 1133 1817 Alexandrum,

108 1836 259 1908 Hyrcanum
282 1846 309 1890 et
332 1836 515 1891 Aristobulum
539 1854 571 1891 ex
594 1837 686 1892 eadem
709 1837 839 1910 progenie
862 1836 1015 1908 aliquandiu
1032 1836 1136 1892 Ponti·

107 1920 214 1975 licaturn
238 1929 319 1993 atque
341 1921 484 1993 imperium
507 1915 668 1977 obtinuisse.
699 1921 842 1978 Postremo
865 1922 997 1993 losephus
1012 1921 1040 1975 in
1056 1920 1135 1990 calce

106 2004 124 2059 l.
140 2009 176 2061 14
200 2004 294 2060 scribit
315 2007 450 2078 Antigono
473 2006 615 2062 Alexandri
638 2007 720 2062 lratre
736 2005 884 2063 Aristobuli
906 2005 961 2061 lilio
984 2007 1074 2061 securi
1096 2006 1134 2062 ab

106 2090 224 2145 Antonio
247 2107 387 2162 percusso,
411 2092 656 2146 Assamonaeorum
679 2091 791 2164 stirpem
815 2091 942 2155 desiisse,
966 2092 1038 2163 quod
1061 2107 1134 2146 con-

106 2174 168 2247 tigit
190 2175 307 2248 Agrippa
337 2184 364 2230 ct
387 2175 495 2231 Canidio
519 2176 595 2231 Coss.
618 2179 648 2231 A.
666 2176 696 2231 U.
716 2180 792 2241 717,
822 2176 904 2249 longo
927 2184 990 2248 post
1012 2175 1134 2231 Alexan-

107 2261 185 2315 drum
208 2261 282 2316 illum
304 2261 423 2333 priorem
446 2269 473 2316 et
495 2261 670 2316 Alexandram
687 2269 826 2334 tempore.

192 2341 223 2401 ἓν
245 2339 394 2420 Βηθλεὲμ
417 2347 472 2419 τῆς
494 2337 655 2418 Ἰουδαίας]
694 2347 732 2402 lta
761 2347 788 2401 in
817 2344 978 2418 quibusdam
1001 2343 1132 2400 Matthaei

107 2430 320 2503 exemplaribus,
349 2448 399 2504 pro
420 2422 538 2501 Ἰούδα,
570 2440 599 2487 ut
622 2432 808 2502 animadvertit
831 2431 1027 2502 Hieronymus,
1056 2429 1131 2501 quod

5 2582 11 2599 ι
107 2515 158 2568 etsi
180 2516 306 2571 vitiosum
329 2516 356 2571 in
373 2517 475 2571 Gomm.
499 2517 530 2571 ad
547 2517 674 2572 Matthaei
697 2534 720 2573 c.
739 2519 755 2574 2
779 2524 858 2590 putet
874 2533 943 2579 esse,
967 2523 1131 2570 tamennon

107 2599 184 2653 aliter
206 2600 321 2671 ipsemet
342 2601 369 2655 in
392 2600 501 2656 Eusebii
525 2602 658 2657 Chronico
681 2602 798 2675 scripsit,
827 2618 916 2674 neque
939 2615 1002 2654 vero
1024 2599 1133 2672 impro-

107 2681 194 2736 banda
216 2692 258 2738 cst
280 2684 330 2738 ista
353 2684 443 2749 lectio,
472 2694 502 2739 ut
525 2687 556 2741 ad
580 2687 726 2742 Eusebium
748 2687 884 2742 Pontacus
908 2685 1042 2741 observat.

192 2758 290 2822 αὐτοῦ
311 2765 416 2823 τεκαὶ
440 2765 608 2844 Σααλίνας]
639 2772 771 2843 loseplrus
793 2771 811 2825 l.
826 2773 871 2827 13.
896 2769 1038 2825 Alexandri
1061 2786 1135 2825 uxo-

107 2867 180 2916 rein,
204 2851 319 2925 Hyrcani
343 2860 370 2906 et
391 2852 540 2908 Aristobuli
563 2864 685 2919 matrem,
710 2855 885 2910 Alexandrum
909 2855 1026 2927 appellat
1048 2871 1132 2928 quam

107 2945 133 2992 et
157 2945 264 2992 mortuo
287 2936 403 3010 coniuge
424 2939 441 2993 9
465 2938 542 2993 annis
565 2939 714 3012 praefuisse
737 2940 840 2994 scribit
872 2939 931 3008 Quo
955 2941 1050 2995 eodem
1065 2939 1134 2995 Ale-

107 3022 223 3077 xandrae
252 3022 361 3077 nornine
389 3021 537 3077 Aristobuli
560 3024 676 3096 Hyrcani
704 3024 813 3079 maioris
843 3025 871 3079 ll.
901 3041 1013 3080 uxorem
1041 3033 1131 3089 vocat,

111 3098 357 3181 Τελιυιιοαντος
384 3100 418 3162 δὲ
438 3098 630 3182 Ἀριοτοβούλ
629 3125 689 3178 ov,
720 3109 822 3181 inquit,
854 3100 1030 3209 Ealrzlpn
1013 3129 1032 3183 η
1053 3100 1132 3184 γυνὴ

107 3184 213 3263 αὐτοῦ,
237 3186 346 3268 Aeyoy'
305 3210 380 3266 μινη
405 3184 476 3248 δι’
459 3211 520 3248 υιιο
509 3183 888 3273 ΕλλήνιονἈλεξάνδρα,
916 3184 1037 3250 λδοασα
1059 3211 1134 3260 ιοις

107 3267 263 3354 αδελφοδς
290 3269 404 3348 αυτοῦ,
434 3286 486 3334 etc.
531 3279 668 3352 Nusquam
693 3279 814 3334 Saalinae
836 3296 936 3335 nomen
959 3280 1031 3352 apud
1053 3281 1126 3334 lose-

105 3363 190 3435 phum
219 3363 310 3436 legere
340 3363 458 3417 memini.
504 3364 663 3438 Quanquam
692 3382 746 3420 nou
776 3365 853 3421 aliter
881 3364 954 3420 illam
985 3363 1131 3420 Christiani

108 3445 259 3519 Scriptores
281 3465 361 3522 quam
384 3448 501 3504 Salinam
523 3450 673 3505 nominant.
704 3449 866 3506 Eusebius
859 3468 887 3506 m
915 3450 1039 3506 Chronic.
1064 3449 1133 3505 llic·

107 3548 211 3604 ronym.
236 3534 262 3587 in
285 3551 309 3589 c.
327 3536 343 3590 9
368 3533 434 3590 llan.
457 3533 565 3606 aliique,
590 3535 623 3590 de
645 3534 745 3607 quibus
761 3535 880 3610 Scaliger
894 3535 1077 3591 Animadvers.
1095 3533 1130 3590 ad

106 3615 206 3672 Huscb.
229 3617 307 3672 Num.
326 3620 414 3676 1941.
458 3619 533 3675 Unus
554 3619 689 3676 Marianus
712 3620 811 3678 Scotus
834 3638 905 3677 anno
927 3621 1020 3676 mundi
1043 3621 1128 3677 4120
