2534 4154
467 322 758 373 teruennenstoues
1066 309 1121 371 ttt

108 479 223 535 solutam
253 495 284 535 ae
312 486 443 534 retentam
473 495 504 534 ex
526 479 603 534 anuis
625 477 765 534 lunaribus
787 477 954 551 simplicibus
976 478 1128 543 constituit,
1232 503 1233 508 ¹

108 580 186 637 quam
209 562 244 618 ab
266 563 339 619 ludis
355 563 418 619 olim
435 573 600 635 usurpatam,
626 573 719 636 postea
734 564 815 620 etiam
831 564 864 619 ab
880 563 1022 628 trabibus,
1046 580 1129 636 prae-

107 650 257 722 sertimque
273 648 473 704 llaliumedanis
497 648 587 704 docet.
617 649 682 704 Nam
705 649 752 720 qui
774 648 807 704 ab
830 649 927 722 llegira
950 658 1140 705 numerantur·

107 735 183 799 naui,
214 734 291 789 nullo
318 733 528 789 intercalationis
557 734 650 789 fraeno
674 734 785 789 co'e'rciti
807 751 857 806 per
878 734 1005 789 lulianam
1028 735 1128 799 seriem

107 819 217 892 impune
239 828 380 890 vagantur.
421 818 543 887 Quodsi
565 819 627 890 quis
649 819 779 892 requirat,
803 820 876 874 unde
898 819 1036 892 Scaligero
1060 834 1129 875 con*

106 913 159 961 stet
182 912 306 959 vetustos
321 903 424 958 Arabes
446 903 621 960 desultoriam
644 902 715 959 illam
738 903 914 959 intercalandi
930 905 1043 960 sormam
1059 903 1128 959 civil

107 989 267 1061 praesertim
290 1005 342 1043 usu
366 988 495 1052 tenuisse,
519 997 567 1043 aut
582 989 695 1043 eandem
709 987 825 1045 subinde
841 989 991 1045 retexuisse
1006 1006 1037 1044 ac
1053 1005 1128 1046 mere

107 1073 228 1130 lunarem
252 1073 421 1147 praetulisse,
446 1091 480 1129 ne
502 1090 587 1128 unum
610 1073 718 1145 quidem
740 1073 902 1146 scriptorem
924 1074 1010 1136 allert,
1034 1073 1127 1147 quiid

106 1160 144 1216 uel
168 1159 309 1215 ·leuissime
335 1157 456 1213 suadeat.
501 1150 673 1226 Quare‘dum
697 1158 827 1214 confictas
850 1159 909 1214 illas
931 1158 1049 1213 Arabum
1072 1159 1178 1216 Pe-tdl

107 1244 199 1301 riodos
220 1243 413 1316 operosissime
435 1243 578 1306 describit,
609 1244 661 1298 boc
689 1252 731 1298 est
753 1243 857 1298 somnia
878 1261 928 1299 sua
950 1244 1127 1317 prosequitur

106 1338 131 1385 et
152 1340 205 1385 sno
230 1338 258 1384 et
279 1328 390 1384 lectoris
411 1328 467 1384 otio
490 1328 703 1401 intemperanter
725 1327 855 1383 abutitur.
886 1328 945 1396 Quo
967 1327 1077 1402 quidem
1098 1328 1127 1383 iu

104 1414 217 1491 negotio
240 1423 282 1469 est
305 1413 370 1468 illud
392 1429 459 1468 sane
480 1413 636 1477 iucundum,
661 1413 735 1487 qnod
757 1413 869 1469 eandem
891 1413 962 1470 illam
979 1413 1040 1469 Per.
1056 1428 1126 1485 qum

103 1514 133 1556 ex
159 1501 224 1556 228
245 1498 354 1554 lulianus
376 1498 468 1562 annis,
492 1497 612 1554 Arabicis
634 1515 713 1562 vero,
741 1499 782 1553 vel
804 1498 901 1554 solutis
925 1499 985 1554 235
1008 1506 1126 1562 corastet,

101 1583 203 1641 alicubi
233 1584 410 1656 excogitatam
433 1600 448 1636 a
470 1600 500 1638 se
523 1584 607 1647 dicat,
637 1583 700 1638 alibi
722 1600 786 1638 vcro
808 1583 842 1638 ab
864 1581 998 1638 trabibus
1021 1592 1048 1637 et
1070 1581 1127 1649 lle?

96 1669 213 1740 garenis
236 1667 268 1723 ab
292 1668 368 1725 initio
390 1668 485 1723 luliani
507 1670 569 1724 anui
591 1678 737 1741 repertam,
760 1677 788 1724 et
804 1669 953 1724 institutam
968 1667 1126 1740 imprudens

95 1763 219 1810 asserat.
264 1753 368 1808 Etenim
391 1752 444 1809 Ι.2
469 1753 501 1808 de
524 1752 634 1808 Emend.
658 1771 686 1826 p.
701 1757 756 1810 134
786 1753 833 1809 ubi
859 1753 893 1808 de
916 1769 987 1808 anno
1011 1752 1126 1826 Hegirue

91 1837 230 1897 disserit:
255 1837 532 1902 Contumacisrianos,
558 1838 660 1911 iuquit,
683 1838 729 1893 bic
751 1855 843 1893 annus
866 1846 907 1894 est
928 1855 1017 1910 neque
1039 1839 1126 1910 focile

90 1925 177 1980 redit
199 1924 231 1978 iu
251 1923 375 1993 pretium
397 1939 458 1977 oum
474 1941 548 1978 anuo
564 1923 677 1978 loliano
693 1932 743 1978 etc.
769 1923 865 1992 Quare
884 1925 965 1979 nullo
979 1924 1127 1981 methodus

85 2006 168 2067 hine
190 2009 290 2081 confici
309 2016 410 2079 potest.
458 2009 556 2063 lbtior
576 2024 680 2079 acapna
702 2009 853 2074 Pen'odus,
876 2025 960 2080 poem
982 2010 1126 2080 eccope'te·

87 2097 203 2157 aimus,
227 2109 367 2148 annorum
391 2095 466 2156 228,
497 2095 796 2149 enneadecaeteridem
817 2095 971 2149 duodecim.
1014 2097 1049 2150 At
1070 2095 1089 2149 la
1102 2098 1126 2151 »5

86 2194 124 2250 p.
144 2180 212 2236 485
235 2176 281 2233 ubi
304 2178 338 2233 de
358 2178 454 2233 eodem
472 2195 541 2234 anno
558 2179 693 2251 loquitur:
716 2177 833 2243 Arabes,
856 2179 952 2250 inquit,
976 2180 1127 2249 uaporem

87 2264 256 2320 Pereudos
276 2264 339 2320 228
363 2280 502 2318 annornm
522 2265 704 2318 instituerunt
725 2280 760 2318 ecc
775 2261 806 2318 Α.
822 2264 857 2317 D.
874 2263 922 2317 111
934 2264 1033 2318 Iduum
1045 2262 1127 2319 Mas·

86 2352 132 2406 tii
158 2349 232 2404 anui
256 2346 450 2419 confusionis,
478 2347 559 2418 Cyclo
583 2349 682 2403 Lunae
710 2352 754 2405 13.
799 2347 873 2403 Solis
898 2351 946 2404 20.
989 2348 1023 2402 Et
1044 2348 1126 2420 paulu

87 2442 177 2507 post.
213 2432 362 2506 Triptioem
384 2434 457 2488 euim
477 2435 626 2504 periodum
647 2433 823 2487 babuerunt:
846 2433 986 2490 Minorem
1010 2435 1048 2489 30
1072 2448 1126 2488 aue

85 2534 206 2576 reorum
233 2520 404 2574 solutorem:
432 2517 572 2574 Maiorem
601 2520 660 2574 210
691 2533 844 2572 annorum:
878 2516 1035 2574 Maximam
1064 2519 1126 2577 228

85 2619 247 2661 annerum
268 2602 426 2667 Solomone,
450 2604 511 2660 235
534 2610 629 2657 eutem
649 2600 849 2668 Arabicorum,
879 2618 935 2674 pud
957 2602 1128 2661 udonem

80 2706 156 2762 per
175 2695 262 2745 totum
289 2695 447 2743 contectum
475 2689 545 2743 enni
567 2686 678 2743 Soteris
705 2694 826 2758 capatus
853 2689 927 2744 redit
948 2690 988 2744 ed
1009 2691 1128 2746 eandam

88 2776 187 2831 dtas
232 2773 304 2829 ldeiu
327 2781 355 2828 et
376 2773 402 2828 iu
425 2773 479 2831 l.3
502 2773 571 2845 lsag.
596 2772 660 2828 Can.
683 2777 792 2845 repetit.
838 2773 907 2842 Quid
935 2774 989 2830 hoc
1016 2775 1129 2832 homine

88 2859 197 2923 facias,
220 2867 272 2915 eut
282 2874 362 2931 mam
379 2858 404 2914 ei
419 2859 526 2914 demum
542 2857 642 2913 habeus
659 2857 748 2923 fidem,
771 2858 882 2930 quisue
898 2877 928 2915 se
943 2859 1001 2932 ipse
1016 2860 1128 2916 contes-

89 2945 183 3003 stone
206 2952 260 3000 tam
282 2951 376 3016 aperte
398 2960 429 2999 ac
450 2944 537 3017 palam
559 2943 657 3008 induit,
679 2953 710 2998 ut
732 2943 809 2999 cuius
832 2945 894 3000 anni
909 2946 1011 3001 turmae
1027 2961 1058 3001 ac
1072 2945 1128 3000 Pe-

91 3028 174 3087 riodi
202 3029 373 3085 inventorem
394 3046 424 3084 se
447 3029 525 3092 dicit,
556 3045 614 3084 eam
637 3028 723 3101 ipsam
745 3030 934 3085 vetustissimis
959 3027 1127 3101 temporibus

93 3113 130 3171 in
161 3131 215 3170 usu
244 3113 327 3170 luisse
350 3111 512 3171 confirmet?
556 3114 610 3170 Sed
633 3130 663 3169 ea
684 3114 751 3169 milri
773 3114 840 3169 levia
862 3131 893 3170 ec
915 3112 1153 3169 tolerabiliore·

95 3199 214 3263 dentur,
238 3215 300 3255 eum
322 3198 356 3254 ad
377 3199 427 3254 alia
443 3199 568 3272 respicio,
592 3217 661 3272 quee
677 3200 704 3254 in
721 3207 840 3271 utroque
853 3199 898 3254 illo
914 3215 999 3270 opere
1012 3206 1126 3262 temere,

95 3282 308 3349 inconstanter,
339 3300 370 3340 ac
400 3284 459 3340 sine
487 3285 603 3340 authore
635 3283 690 3339 ullo
718 3284 819 3356 pessim
843 3282 954 3346 effudit,
980 3292 1127 3354 quaeunt

98 3367 190 3432 breui,
214 3368 238 3423 si
253 3368 381 3424 Dominus
404 3369 517 3434 dederit,
540 3369 568 3424 in
590 3369 678 3425 lucem
701 3377 879 3440 apertumque
889 3366 1072 3440 proferemus,
1090 3376 1129 3425 ut

101 3454 152 3526 qui
166 3453 382 3526 chronologicis
409 3455 437 3511 in
466 3453 655 3510 rebuslteum
685 3453 760 3507 illum
789 3451 986 3525 propemodum
1015 3452 1127 3519 faciunt,

104 3539 174 3595 nibil
195 3539 285 3612 ipsum
305 3540 345 3594 ad
363 3556 422 3594 eem
444 3554 501 3594 rem
518 3548 633 3612 praeter
651 3539 748 3594 tastum
765 3545 792 3592 et
807 3536 988 3610 arrogantiam
1002 3537 1127 3596 actulius

104 3622 408 3714 dumetulostromo
435 3638 516 3697 quem
544 3624 571 3680 in
593 3622 755 3681 Antiocheni
783 3621 848 3678 anui
875 3622 980 3696 epocba
1005 3622 1127 3681 bombis
