2534 4154
165 300 226 381 'tot
532 331 534 336 ·
617 330 729 382 rerum
806 317 808 321 ’

165 479 198 542 δὲ
220 478 254 541 τὸ
277 473 382 556 ὄνομα
396 467 705 556 μόνον’δισῑάζοντας
718 491 770 538 eto.
801 472 958 555 Quanquam
975 482 1102 554 superior
1117 496 1183 537 ano-

165 569 351 626 thematismns
374 567 496 623 driccam
525 569 663 642 perfidiam
692 567 812 632 redolet,
842 584 903 622 oum
931 566 1042 632 asserit,
1073 567 1181 623 Patrem

163 671 218 710 non
241 647 362 734 ἐξουσίᾳ
384 653 481 718 solum,
506 655 554 710 sed
569 645 667 733 οὐσίᾳ,
691 652 749 708 Filii
765 653 871 709 Patrem
888 669 958 716 esse,
982 651 1055 724 qnod
1071 652 1181 717 omnino

164 740 259 794 laisum
277 747 319 793 est
334 747 362 793 et
377 737 553 811 haereticum.
583 739 677 814 Neque
692 739 763 793 enim
779 737 901 792 Peterin
918 734 1022 802 Filium,
1047 745 1183 810 quatenns

164 823 235 880 Dens
258 831 308 888 est,
333 832 359 879 et
382 822 415 878 ab
438 823 496 878 eius
519 816 608 905 οὐσίᾳ
631 823 761 897 procedit,
786 816 925 889 ἐξουσίαν
947 821 1036 886 ullam,
1060 829 1108 876 ant
1131 838 1183 895 po-

163 917 288 965 testatem
311 907 425 964 obtinet.

249 995 308 1050 859
326 993 352 1048 b.
382 986 417 1049 τὸ
440 994 494 1068 τῆς
516 983 621 1058 οὐσίας
643 983 752 1065 ὄνομα]
793 991 851 1047 Νοο
875 991 1038 1047 mediocrem
1061 991 1183 1065 Epipha-

163 1078 207 1133 nio
231 1078 351 1134 lraudcm
373 1077 463 1133 attulit
486 1079 584 1150 omissa
607 1079 633 1132 in
656 1077 791 1133 hocloco
815 1095 829 1133 a
851 1076 967 1132 librariis
987 1077 1182 1149 interpunctio.

163 1163 227 1217 Nam
256 1172 318 1237 post
341 1163 500 1237 synodicam
523 1163 656 1235 Ancyram
679 1161 869 1227 Conciliabuli,
900 1178 969 1235 quae
997 1161 1030 1216 ab
1053 1161 1107 1216 lroc
1131 1179 1183 1216 nu-

112 1254 239 1304 tttmero
262 1248 388 1322 deinceps
411 1254 572 1320 sequuntur,
597 1257 679 1320 prout
700 1247 780 1320 vulgo
799 1255 929 1320 concepta
944 1246 1025 1302 lectio
1042 1255 1094 1310 est,
1119 1246 1184 1319 lipi-

163 1333 253 1407 phanii
275 1351 336 1389 esse
357 1332 497 1389 videntur:
521 1349 571 1388 nec
594 1332 673 1387 aliter
694 1349 726 1388 ex
749 1332 857 1387 Graecis
880 1331 1033 1396 (lodicibus,
1057 1341 1112 1387 tarn
1140 1339 1184 1406 ty·

162 1419 203 1493 pis
227 1418 332 1474 excusis
355 1435 435 1492 quam
459 1417 580 1490 scriptis,
615 1418 737 1490 adeoque
760 1434 792 1472 ex
815 1417 935 1473 Cornarii
958 1416 1184 1489 interpretatione

163 1502 293 1576 suspicari
315 1502 413 1575 poesie.
445 1502 523 1570 Quod
545 1519 595 1557 nos
618 1501 669 1575 ipsi
692 1519 752 1557 cum
768 1502 860 1557 Latina
883 1502 1047 1557 dictaremus
1070 1519 1185 1574 expres-

163 1588 256 1643 simus.
287 1588 357 1656 Qnid
380 1587 451 1642 enim
475 1596 531 1642 tum
554 1586 625 1642 alind
648 1604 800 1659 possemus,
824 1603 886 1642 oum
909 1586 942 1641 ad
960 1585 1092 1641 Graecum
1116 1603 1185 1642 con-

164 1681 265 1728 textum
282 1673 384 1736 Latina,
408 1674 498 1746 quoad
520 1672 578 1728 deri
601 1682 701 1744 potest,
725 1672 950 1728 accommodanda
966 1671 1021 1726 sint
1037 1679 1065 1727 et
1081 1670 1185 1745 siquid

164 1757 218 1813 illio
240 1757 320 1830 paulo
344 1757 529 1812 vehementius
553 1757 726 1830 depravatum
750 1756 908 1819 occurrerit,
932 1755 958 1811 id
974 1756 1000 1811 in
1016 1756 1100 1810 Notas
1117 1773 1185 1812 con-

164 1841 308 1896 iiciendum
330 1842 422 1914 potius
444 1841 575 1906 videatur,
600 1858 679 1915 quam
703 1843 760 1897 siue
777 1841 902 1896 Veterum
925 1841 1092 1897 authoritate
1108 1857 1185 1897 com-

163 1925 252 1979 munis
281 1925 308 1979 iu
337 1934 465 1980 contextu
488 1927 547 1999 ipso
571 1925 728 1982 solicitanda
751 1915 841 1982 lectio.
887 1924 952 1981 Cum
975 1926 1028 1981 hoe
1051 1925 1135 1998 igitur
1156 1925 1184 1980 in

162 2009 256 2065 latina
278 2018 371 2064 nostra
393 2011 616 2082 interpretatione
638 2011 809 2067 retinendum
832 2011 1024 2083 putaverimus,
1049 2010 1093 2066 hic
1115 2011 1184 2066 Lec-

163 2103 250 2149 torem
279 2093 428 2168 gravissimi
458 2104 485 2150 et
514 2113 528 2150 a
556 2096 630 2150 nullo
659 2096 834 2151 animadversi
857 2097 988 2151 hactenus
1011 2095 1112 2150 erroris
1135 2095 1186 2150 ad-

133 2224 135 2239 .
163 2178 343 2244 monebimus,
379 2179 512 2252 simulque
535 2179 713 2253 Epiphaninm
736 2191 860 2236 nostrum
883 2180 915 2236 ab
938 2180 1034 2235 invidia
1058 2179 1132 2235 omni
1155 2197 1185 2236 ae

164 2264 259 2337 culpae
281 2263 435 2337 suspicione
458 2263 640 2320 liberabimus.
671 2265 763 2338 Neque
780 2266 850 2343 enim
867 2266 989 2338 prolecto
1005 2264 1184 2320 dubitandum

164 2358 206 2405 est
229 2349 292 2423 quin
317 2350 339 2405 si
361 2349 412 2405 ista
435 2351 763 2428 scripseritEpiplranins‚
788 2350 1024 2414 Semiurianorum,
1049 2366 1119 2423 quos
1135 2351 1195 2406 hae

164 2435 191 2490 in
214 2434 325 2491 Haeresi
347 2435 388 2490 vel
411 2435 541 2507 acerrime
563 2436 712 2508 impugnat.
737 2436 827 2491 lantor
848 2452 878 2491 ac
901 2445 1032 2508 patronus
1055 2435 1183 2499 extiterit,

164 2520 328 2594 minimeque
352 2519 515 2576 Catholicus.
560 2521 664 2576 Etenim
690 2520 761 2576 ¹nillil
783 2521 854 2576 aliud
879 2528 934 2576 tota
957 2520 1007 2576 hac
1029 2519 1185 2575 narratione
1225 2549 1228 2554 ·

166 2622 253 2678 usque
276 2606 309 2660 ad
332 2621 390 2677 cap.
409 2606 447 2662 23
471 2615 574 2678 pugnat
597 2621 676 2677 qnam
700 2595 907 2679 tlpoomord
930 2598 986 2678 τὴν
1007 2597 1124 2674 οὐσίαν,
1158 2605 1185 2661 id

166 2697 207 2743 est
236 2688 386 2744 substantia
417 2688 529 2744 similem
553 2707 613 2746 esse
635 2690 723 2746 Patris
747 2690 857 2754 uitium,
887 2690 919 2746 de
942 2682 1099 2768 ὃμοουοίῳ
1121 2706 1185 2745 vero

165 2771 248 2828 altum
271 2771 372 2845 ubique
394 2773 539 2830 silentium.
571 2775 711 2830 Praeterea
735 2775 786 2830 hoc
809 2776 867 2847 ipso
884 2775 1010 2840 Numero,
1035 2773 1087 2830 sub
1104 2774 1185 2830 finem

166 2857 211 2920 ait,
241 2858 335 2913 Filmm
365 2849 486 2913 ἀκούειν
511 2861 567 2915 τοῦ
595 2854 712 2938 πατρὸς
739 2855 789 2914 καὶ
817 2852 980 2939 ὑπουργεῖν
1006 2861 1052 2940 τῷ
1080 2855 1184 2936 πατρὶ,

165 2938 342 3007 auscultare,
377 2943 430 2998 hoc
467 2953 508 3000 est
541 2946 654 3000 obedire
682 2952 707 2999 et
735 2946 896 3001 ministrare
929 2945 1018 3001 Patri.
1062 2944 1186 3020 Itemque

92 3050 100 3071 ·
166 3029 272 3102 cap.l8
295 3028 376 3083 Pater
398 3028 496 3099 (ficitur
519 3021 707 3097 αὗθονῑικῶς
727 3033 832 3099 ποιεῖν,
855 3031 938 3086 Filius
961 3022 1018 3086 οὐκ
1041 3021 1186 3086 aridaru-

166 3115 234 3182 κῶς,
259 3105 323 3168 dlt’
345 3104 544 3189 ὑπουργικῶς.
576 3114 654 3184 Quod
676 3130 756 3171 nemo
779 3115 830 3171 nisi
844 3118 959 3171 Arianos
981 3115 1087 3171 dixerit.
1118 3113 1186 3170 'lum

167 3198 266 3272 ubique
289 3199 416 3254 adversus
439 3201 592 3255 dnomoeos
615 3201 687 3256 solos
711 3200 843 3273 disputat,
868 3216 947 3273 qnam
969 3192 1025 3274 τὴν
1046 3201 1101 3256 νῦν
1121 3195 1186 3256 ἐπι-

167 3277 322 3360 ᾳιυομένην
344 3278 459 3360 αἵρεσιν
481 3294 565 3348 vocat,
588 3303 680 3359 nuper
701 3293 828 3341 exortam
842 3285 1000 3349 diaeresim,
1025 3294 1055 3342 ut
1077 3302 1136 3358 cap.
1151 3288 1185 3344 ta

166 3367 296 3425 authores
318 3369 392 3442 ipsos
414 3363 536 3438 καινοῦς
556 3363 748 3447 Αἶρετικούς.
777 3371 844 3426 Item
867 3387 925 3444 cap.
939 3373 974 3426 15
997 3369 1185 3426 Constantium

166 3469 329 3527 magnopere
352 3454 494 3520 collaudat,
518 3458 590 3530 quod
606 3457 702 3512 Filium
718 3456 790 3511 Patri
811 3472 861 3529 per
883 3455 972 3512 omnia
994 3455 1109 3512 similem
1126 3472 1186 3512 esse

166 3538 390 3609 pronunciaverit,
413 3547 444 3596 ot
465 3558 525 3606 ons,
551 3541 683 3615 inquiunt,
709 3539 848 3597 Catholici
870 3541 1016 3596 credimus.
1047 3542 1123 3597 ltane
1140 3548 1187 3598 aut

167 3620 320 3678 Catholicus
343 3623 375 3679 ab
391 3623 541 3699 Epiphanio
564 3625 672 3681 habitus
691 3634 733 3682 est
749 3625 932 3690 Constantius,
955 3634 1002 3681 aut
1018 3625 1186 3682 catholicum
1218 3672 1221 3679 .
