2534 4154
446 303 737 353 antntovnnsrones.
1058 289 1093 351 81

64 451 113 516 δι’
147 451 198 512 καὶ
229 449 421 533 καθαρότητι
451 459 513 513 τῶν
541 447 642 514 ἄλλων
664 452 863 535 διαφέροντα,
885 451 964 515 κατὰ
993 452 1026 514 δὲ
1048 451 1102 514 τὸν

70 533 260 601 Μαισαϊκόν
280 532 478 598 πολιτεύοντα
501 534 604 616 νόμον.
633 545 705 616 Lego
722 535 941 616 πολιτεύονται,
964 543 1102 617 nequead

59 629 222 685 Christum
243 628 337 683 reterri
359 637 436 699 puto.

172 714 231 770 128
247 729 271 768 a.
303 706 358 768 eloi
382 706 415 766 da*
438 695 520 769 odam
542 707 621 786 perd
640 707 695 768 τὸν
716 704 933 790 Πατριάρχην]
964 712 1027 768 'lam
1050 713 1104 769 Pa-

55 798 263 854 ‘triaroharum
298 814 377 869 quam
406 798 599 870 Apostolorum
636 798 781 868 dignitates
816 816 847 854 ac
875 797 1003 855 vocabula
1032 799 1103 871 apud

52 883 198 939 ludaeos
221 882 329 937 nonnisi
351 892 414 955 post
437 882 514 937 Urbis
538 883 668 938 excidium
691 894 820 956 usurpata
835 883 967 939 videntur.
997 881 1034 938 Ile
1050 883 1104 938 Pa·

63 966 210 1023 triorchis
238 967 265 1021 in
288 966 391 1022 Theod.
416 967 480 1023 Cod.
504 968 570 1024 1.Ιὸ
594 968 671 1025 tit.8
701 969 828 1041 frequens
852 978 893 1024 est
916 968 1026 1023 mentio.
1072 967 1104 1024 m
1131 1008 1137 1024 a

52 1051 194 1125 «quidem
221 1051 343 1123 Apostoli
371 1051 542 1108 patriarchae
571 1052 643 1108 velut
671 1069 823 1108 assessores
853 1071 884 1109 ex
912 1053 1048 1109 communi
1077 1061 1106 1108 et

64 1137 183 1193 usitata
204 1136 278 1192 vocis
300 1137 411 1192 notione
434 1136 497 1193 dicti
519 1146 597 1202 sunt,
627 1138 700 1210 quod
722 1137 755 1192 ad
778 1138 920 1210 exigendas
944 1155 958 1192 a
981 1137 1106 1210 Synago-

54 1222 123 1295 ,gis
149 1221 277 1293 pecunias
300 1221 332 1275 ab
356 1221 402 1277 illo
425 1223 606 1286 mitterentur,
632 1232 661 1278 ut
683 1239 715 1277 ex
731 1222 795 1278 Cod.
814 1222 915 1278 Theod.
939 1230 1015 1294 patet
1036 1222 1103 1279 1.14

63 1308 115 1362 (le
140 1305 256 1370 ludaeis,
282 1307 327 1378 qui
348 1306 424 1362 locus
447 1307 519 1379 quod
543 1309 575 1363 ad
598 1307 776 1380 Epiphaninm
799 1306 985 1362 illustrandum
1010 1307 1106 1379 impri-

64 1395 134 1447 1nis
159 1390 280 1454 confert,
309 1391 353 1446 hio
375 1391 569 1448 adscribendus
593 1400 648 1447 cst:
678 1391 906 1464 Superstitionis,
936 1392 1038 1464 inquit,
1061 1393 1105 1445 ιά-

64 1478 189 1548 -alipnae
212 1483 261 1538 cst,
284 1483 314 1529 ut
336 1472 571 1548 drcblspnapopl,
593 1478 654 1532 sice
676 1477 835 1546 Presbyteri
856 1476 1039 1538 Iudaeorum,
1061 1476 1107 1530 uel

61 1577 155 1634 quos
178 1561 236 1631 ipsi
258 1555 405 1632 Apostolos
426 1570 541 1624 cocunt,
577 1563 625 1634 qui
647 1564 685 1616 od
707 1563 871 1632 carpendum
893 1577 994 1616 aurum
1022 1568 1106 1632 utque

68 1653 234 1716 arpentum
261 1661 280 1699 ο
302 1645 475 1701 Potriarcbo
501 1655 576 1701 certo
599 1655 721 1718 tempore
743 1648 918 1718 diripientur,
949 1663 967 1700 a
988 1645 1106 1716 scopulis

65 1730 244 1801 Synapopis
272 1739 401 1785 ecoctam
422 1748 557 1786 summunt
580 1740 663 1803 utque
684 1739 843 1804 susceptam
864 1734 903 1786 od
924 1732 1040 1785 eundem
1061 1745 1107 1784 re-

67 1820 206 1887 portent.
250 1813 316 1882 Qua
338 1816 371 1869 de
394 1833 424 1870 re
447 1833 526 1871 omne
549 1817 681 1889 quicquid
703 1818 883 1872 considerata
905 1816 1036 1888 temporis
1058 1831 1107 1869 ra-

80 1900 162 1955 tione
185 1900 347 1972 confidimus
371 1918 430 1955 esse
453 1903 606 1966 collectum,
629 1904 749 1975 fideliter
770 1904 808 1957 ud
826 1910 953 1957 nostrum
968 1901 1109 1970 diripulur

79 1985 242 2040 cerarium.
281 1984 323 2038 De
346 1994 456 2041 caetero
479 1996 572 2041 autern
592 1987 665 2043 nibil
682 1989 831 2059 praedicto
854 1988 1026 2042 decernimus
1049 2001 1113 2040 esse.

72 2069 259 2124 emittendum.
290 2069 328 2125 oe
350 2070 445 2126 iisdem
460 2071 623 2127 Patriarohis
646 2073 718 2145 quod
734 2072 899 2145 Epiphanius
921 2071 1029 2134 indicat,
1053 2086 1108 2124 non

79 2154 206 2219 delectu,
224 2153 272 2208 sed
293 2158 402 2226 generis
424 2156 597 2212 successione
620 2157 777 2230 dignitatem
800 2157 913 2230 adeptos
935 2173 966 2211 ac
987 2154 1110 2228 plerum-

79 2257 142 2312 epue
164 2238 229 2294 luxu
250 2255 282 2294 ae
304 2239 401 2296 delitiis
424 2250 578 2314 corruptos,
602 2241 758 2315 Hieronymi
777 2242 940 2296 authoritate
956 2237 1110 2296 confirmari

89 2332 190 2397 potest,
215 2323 309 2396 quiin
332 2324 434 2380 Gomm.
457 2326 483 2381 in
500 2326 560 2381 Esa.
585 2342 607 2380 c.
626 2329 642 2384 3
666 2326 698 2382 ad
722 2326 789 2380 haee
810 2324 905 2380 verba:
929 2324 966 2379 Et
987 2322 1111 2394 effoemi-

83 2409 152 2464 nati
174 2408 394 2464 dominabuntur
417 2412 471 2474 cis,
495 2411 531 2466 ita
554 2409 656 2475 scribit,
690 2409 901 2464 Consideremus
924 2407 1151 2470 Patriorcbusso

88 2493 261 2548 ludaeorum
283 2503 308 2548 et
329 2496 453 2559 iuuenes,
475 2497 534 2550 sloe
552 2511 666 2566 pueros,
690 2494 935 2566 effoeminatoaque
958 2510 993 2549 uc
1006 2493 1110 2548 delitiis

85 2577 234 2647 affluentes
257 2586 283 2632 et
304 2579 446 2651 impletam
468 2579 649 2652 Prophetiam
671 2596 731 2634 esse
753 2595 905 2634 cernemus.

182 2663 239 2720 128
255 2660 282 2718 b.
314 2664 421 2720 τοῦτον
441 2654 523 2720 ἐἶναι
551 2658 636 2740 γένος
664 2658 777 2720 ἐκείνου
799 2665 854 2720 τοῦ
882 2653 1022 2740 πρώτου]
1060 2662 1112 2732 Qui

92 2747 260 2803 Christianus
288 2747 353 2813 fuit,
382 2757 413 2805 ut
441 2767 473 2805 ex
502 2749 575 2805 Actis
598 2750 762 2806 Inventionis
785 2750 812 2805 S.
837 2749 967 2823 Stephani
994 2757 1111 2804 constat.

91 2831 145 2888 Neo
167 2840 243 2887 recte
265 2832 388 2889 iudaicae
410 2834 548 2907 religionis
571 2835 759 2891 tenacissimus
781 2852 812 2891 ac
829 2834 973 2890 Christiani
995 2833 1112 2890 nominis

87 2933 156 2973 -osor
178 2915 326 2973 acerrimus
348 2935 362 2973 a
385 2918 546 2992 quibusdam
568 2920 651 2976 fuisse
673 2920 806 2993 proditur,
834 2920 908 2992 quod
930 2918 963 2975 ab
986 2936 1018 2974 eo
1042 2918 1113 2973 Sau-

89 3000 133 3056 lus
146 3010 304 3076 utrunque,
328 3003 380 3059 hoc
403 3013 445 3059 est
466 3004 600 3061 iudaicam
622 3003 710 3079 legem
732 3014 760 3061 et
773 3005 986 3061 Christianorum
1010 3002 1110 3063 odium,

94 3085 232 3149 didicerit,
264 3104 334 3161 quae
357 3088 512 3145 coniectura
535 3090 599 3146 levis
623 3099 673 3145 est.
715 3090 785 3159 Quid
807 3090 878 3146 enim
899 3103 1012 3144 necesse
1035 3094 1114 3140 esta

95 3179 271 3243 praeceptore
306 3182 473 3245 postremum
506 3175 558 3230 hoc
587 3174 710 3231 hausisse
739 3174 850 3230 Saulum
879 3189 909 3228 ac
938 3189 991 3227 non
1021 3171 1112 3243 potius

90 3264 189 3328 suapte
211 3265 310 3328 sponte
334 3266 361 3312 et
382 3257 496 3312 aliorum
519 3260 628 3314 hortatu
653 3258 830 3332 exemploque
853 3253 1025 3328 suscepisse?

184 3340 239 3397 129
256 3357 280 3396 a.
311 3336 474 3409 ἐπίσκοπος
495 3337 675 3419 Βριγγέλας]
701 3344 781 3400 Corn.
806 3341 946 3414 Fregellae
968 3355 1111 3412 perperam

91 3423 218 3480 reddidit.

182 3511 238 3568 tao
256 3526 280 3566 o.
310 3501 386 3586 γάζα
409 3506 442 3568 δὲ
469 3502 678 3587 ἑρμηνεύεται]
716 3511 790 3579 Quae
819 3509 898 3582 vulgo
927 3508 1036 3566 Persica
1063 3526 1114 3566 vor

91 3591 200 3660 dicitur,
214 3594 307 3650 eadem
323 3604 350 3652 et
362 3596 395 3652 ab
408 3596 536 3654 Hebraeis
549 3606 687 3670 usurpata.
701 3590 746 3651 Ez.
758 3596 795 3652 27
810 3607 893 3674 pazt:
906 3603 970 3650 sunt
982 3608 1115 3656 nonanto

144 3685 291 3742 Epiphanius.
312 3689 335 3733 V.
945 3693 961 3744 fi
