2534 4154
485 309 775 362 aninanmnsronts
1078 297 1140 363 toa

97 465 167 540 qni
190 467 348 566 Auxpmitae
370 474 508 520 vocantur
527 457 725 540 Ὁμηριτῶν
746 460 780 522 δὲ
802 461 984 544 καταντικρὺ
1006 457 1141 540 μάλιστα

105 548 150 609 ἐν
174 553 212 628 τῇ
235 544 397 650 ἀντιπέρας
418 541 531 649 ἠπείρῳ
552 547 711 618 Αἰθίοπες
732 547 881 621 οἰκοῦσιν,
904 547 933 606 o‘t
933 545 1140 626 Αὐξωμῖιιιι

106 633 301 705 καλοῦνται,
330 627 376 693 ὅτι
407 627 444 707 δὴ
475 628 577 702 αὐτοῖς
600 629 637 691 τὰ
658 630 836 706 βασίλειά
822 655 904 692 εστιν
923 633 954 693 ἐν
975 628 1140 711 Λύξώμιὸι

106 715 216 780 πόλει.
260 721 337 778 Vides
366 720 435 792 apud
459 720 621 792 Procopium
643 722 799 777 Automitas
827 721 862 776 alr
884 721 1029 779 Momeritia
1058 723 1140 819 longo

106 805 263 864 intervallo
285 806 436 868 distinctos,
460 821 515 861 nou
530 822 580 877 pro
596 805 690 861 iisdem
706 815 862 879 usurpatos,
886 817 917 863 ut
933 809 1056 864 nonnulli
1072 810 1142 864 scri-

104 900 246 969 pserunt.
275 893 313 946 Ac
335 889 409 962 quod
430 889 464 945 ad
485 889 638 952 Homeritas
661 891 766 955 attinet,
790 891 824 947 de
845 892 965 949 Arabicis
988 894 1046 949 istis
1069 895 1141 950 acci-

108 976 237 1053 piendus
260 985 302 1032 est
316 975 491 1074 Epiphanius
522 974 604 1030 Sed
598 993 624 1029 m
640 976 789 1030 Axornitide
813 977 853 1031 vis
875 985 917 1033 est
939 987 969 1034 nt
991 978 1025 1034 ab
1047 995 1140 1035 errore

108 1063 209 1137 possit
231 1060 362 1117 excusari.
392 1059 457 1115 Nam
473 1052 634 1131 Ἀξωμῖιις
655 1060 710 1115 sinc
731 1061 891 1125 Auxumitis,
916 1072 945 1118 ut
966 1063 1089 1128 vidimus,
1113 1065 1140 1119 in

108 1145 279 1218 Aethiopia,
307 1161 368 1200 non
392 1145 418 1198 in
440 1145 502 1198 Asia
530 1145 611 1199 sitnm
642 1145 738 1208 habet,
768 1154 799 1200 ut
829 1146 870 1200 vel
893 1146 1088 1219 Epiphanius
1082 1166 1140 1222 ipae

110 1232 197 1297 initio
220 1231 300 1286 huius
323 1229 413 1303 operis
437 1229 512 1284 etin
536 1229 671 1284 Sethianis
693 1230 782 1294 docet,
806 1247 867 1285 cum
890 1231 925 1286 de
945 1233 1141 1306 propagatione

110 1317 243 1391 gentium
266 1315 330 1387 agit.
361 1312 541 1382 Quamobrem
563 1313 668 1370 Alricae
689 1316 815 1388 regiones
831 1325 858 1371 et
873 1315 906 1370 ad
922 1317 1060 1372 meridiem
1076 1317 1140 1375 sitas

112 1418 182 1459 cum
206 1400 328 1457 Asiaticis
351 1407 379 1454 ct
401 1398 582 1453 Orientalibus
606 1400 772 1472 permiscuit.
802 1400 858 1455 Misi
880 1401 950 1456 sorte
972 1403 1139 1466 Auxumitas,

112 1485 348 1560 quemadmodum
370 1492 396 1538 et
412 1483 573 1546 Homeritas,
597 1484 624 1538 in
640 1483 736 1540 Arabia
751 1501 860 1558 quoque
876 1485 1048 1542 collocandos
1064 1487 1142 1559 quis-

114 1573 190 1646 piam
214 1579 300 1643 putet,
324 1569 395 1636 unde
418 1568 445 1622 in
467 1568 635 1641 Aethiopiam
660 1571 867 1626 transfretarint.
897 1569 962 1626 Nam
985 1579 1012 1626 et
1027 1573 1141 1628 Aethio-

114 1674 168 1731 pas
197 1664 305 1712 constat
326 1652 359 1708 ab
382 1652 515 1708 Arahibus
538 1663 718 1726 propagatos,
748 1655 830 1726 idque
852 1655 893 1710 vel
915 1656 1059 1728 appellatio
1083 1657 1141 1729 ipsa

115 1741 227 1816 probat.
272 1739 376 1794 Etenim
396 1732 578 1810 Ἀβασηνοὶ,
600 1739 674 1810 quod
696 1756 794 1794 numen
818 1740 964 1813 Aethiopes
987 1742 1067 1797 hodie
1089 1741 1141 1797 sthi

116 1827 271 1886 vendicant,
294 1825 321 1879 in
344 1822 439 1878 Arabia
464 1823 575 1878 turifera
598 1823 668 1895 apud
684 1823 852 1896 Stephanum
876 1826 956 1898 positi
979 1835 1052 1882 sunt.
1076 1827 1140 1882 Vide

115 1928 188 1985 quae
212 1910 332 1982 Scaliger
360 1909 392 1962 ad
416 1909 579 1980 Computum
603 1909 728 1982 Aethiop.
752 1909 878 1967 observat
898 1911 917 1966 l
932 1915 946 1968 t
972 1911 1005 1967 de
1027 1911 1140 1969 Emend.

118 1997 214 2070 Tetrrp.
301 2007 303 2012 '
1091 2036 1093 2041 -

204 2098 255 2135 και
248 2072 410 2152 Bodyacn
431 2095 479 2132 και
474 2071 618 2150 Alpina]
650 2078 767 2150 Bugeam
789 2096 922 2153 nusquam
945 2068 1007 2137 alibi
1022 2081 1138 2156 reperio,

119 2167 172 2224 nisi
200 2164 274 2238 qnod
296 2163 419 2218 Estheris
449 2164 493 2227 tt,
511 2164 529 2219 6
553 2165 637 2218 Amen
660 2162 784 2236 bugaeus
807 2166 968 2239 appellatur.
1014 2167 1069 2222 Sed
1089 2164 1191 2239 prum

119 2247 273 2325 Βουγαῖος
299 2240 462 2322 Ἀγωγαῖος
494 2247 603 2319 quidam
637 2247 792 2309 rescribunt
828 2267 882 2306 non
918 2246 1002 2306 recte.
1047 2251 1141 2321 Potest

117 2337 191 2393 cuim
220 2332 305 2406 ignoti
335 2332 474 2387 cuiusdam
496 2331 555 2387 loci
584 2349 683 2387 nomen
713 2349 784 2396 esse,
815 2343 842 2389 et
871 2334 979 2406 quidem
1002 2335 1029 2389 in
1053 2334 1139 2408 Syria.

118 2420 185 2477 Mam
208 2417 280 2493 quod
304 2417 412 2472 Macedo
436 2416 558 2472 eiusdem
580 2415 642 2471 libri
664 2419 737 2473 cib
760 2433 830 2472 com.
849 2420 877 2476 8.
907 2415 991 2474 Anian
1015 2436 1075 2475 esse
1097 2419 1140 2474 di·-

117 2506 204 2569 citur,
228 2501 301 2559 hand
323 2518 388 2557 vana
412 2501 525 2574 suspitio
550 2510 606 2564 est,
638 2502 816 2574 lnterprctem
839 2504 986 2567 Graecum,
1020 2503 1139 2576 qui.snb

118 2590 276 2646 Ptolemaeo
291 2587 364 2659 Rege
380 2586 508 2642 Graecam
530 2586 783 2659 interpretationem
807 2587 897 2651 edidit,
922 2588 1074 2645 Macedonis
1089 2606 1141 2646 no·

71 2742 74 2747 ⁴
118 2692 182 2731 men
204 2672 358 2746 generalius
381 2688 528 2745 usurpasse
550 2688 600 2743 pro
623 2671 768 2744 peregrino
792 2681 820 2727 ct
840 2672 1000 2746 Europaeo,
1024 2675 1077 2731 hnc
1098 2683 1141 2731 cst

116 2760 153 2817 ab
169 2758 318 2831 Europaeis
340 2756 471 2820 oriundo,
496 2756 542 2828 qui
563 2756 591 2811 in
607 2756 682 2830 Syria
706 2757 822 2830 Asiaque
845 2759 1050 2824 consedissent,
1079 2768 1141 2816 curt

116 2845 153 2902 ab
176 2844 298 2899 Asiaticis
321 2841 415 2896 Graeci
440 2851 495 2897 turn
519 2857 613 2897 ornnes
629 2840 789 2897 Macedones
812 2853 982 2908 vocarentur,
1006 2847 1046 2901 uti
1062 2845 1142 2901 Chri·

117 2929 199 2987 stiani
221 2946 235 2984 a
259 2927 353 2982 Turcis
376 2926 456 2999 vulgo
479 2927 583 2991 l'rauci,
608 2927 788 2983 Mahumctani
810 2945 824 2982 a
848 2930 949 2986 nostris
964 2929 1068 2985 l'ureaa
1088 2946 1142 2985 nuo

116 3017 266 3071 minantur.
297 3012 381 3080 Quam
398 3013 582 3067 coniecturam
597 3011 696 3068 indicat
712 3012 849 3068 Sarranus
866 3023 968 3068 noster.
997 3014 1050 3068 lam
1065 3013 1139 3077 Liba,

116 3107 251 3174 quantiam
280 3114 312 3152 ex
335 3095 502 3169 Geographis
531 3096 621 3169 colligi
649 3104 754 3170 potest,
782 3096 857 3152 nulla
886 3099 912 3153 in
941 3097 1059 3152 Orientis
1086 3097 1139 3153 isto

118 3193 209 3242 tractu
232 3181 376 3256 reperitur.
406 3181 462 3237 Misi
485 3181 558 3254 quod
580 3183 652 3254 apud
668 3180 762 3254 Polyb.
780 3181 797 3236 l.
817 3185 834 3237 5
857 3181 1066 3254 Mesopotamiae
1088 3199 1141 3254 ops

117 3270 212 3344 pidum
236 3269 294 3324 cius
317 3265 433 3321 nominis
457 3275 507 3322 est.
539 3266 593 3322 Sed
605 3267 734 3340 regionis,
756 3280 812 3322 non
828 3266 919 3338 oppidi
935 3267 988 3322 hnc
1002 3266 1063 3322 loco
1080 3283 1140 3323 esse

117 3355 228 3430 propria
251 3353 357 3408 videtur
378 3351 532 3449 appellatio.
1110 3354 1132 3405 =t

208 3441 267 3497 too
283 3436 310 3492 d.
341 3426 525 3511 Mdpnpd'aq]
555 3435 670 3503 Quinam
693 3435 747 3488 sint
764 3433 903 3506 Magardes
926 3444 1077 3509 quaerant
1072 3435 1142 3508 qais

117 3523 186 3581 ltus*
195 3524 280 3583 otium
304 3530 355 3583 est,
379 3529 407 3575 et
422 3530 513 3577 utrum
529 3520 626 3592 lllyrici
648 3518 857 3592 Pannoniaequc
872 3520 967 3593 populi
981 3520 1045 3577 sint.
1074 3519 1141 3577 Man

118 3616 155 3670 dt
169 3609 290 3682 Magarsa
313 3608 416 3663 Eumae
438 3606 538 3679 passim
561 3604 704 3678 ilungaros
726 3613 837 3670 rocam,
861 3612 889 3661 et
909 3599 1141 3682 μαγαρισμὸςιι

172 3703 315 3759 Epiphanius.
340 3702 363 3744 v.
956 3703 989 3756 14
