2534 4154
111 330 215 374 Lmvt
468 323 581 373 rtrtvtt
602 322 775 373 ruttrttto.

109 483 141 538 ad
156 478 333 554 Epiphaniam
356 477 413 534 sine
436 477 585 534 offensione
606 477 819 550 percurrendum
842 480 995 534 necessario
1017 480 1125 552 praeci-

68 588 75 598 ’
108 566 204 641 pienda
227 572 299 619 sunt.
345 564 502 634 Quanquam
525 562 657 618 eiusmodi
678 562 734 618 lere
756 562 798 618 illa
823 580 882 619 esse
904 581 1068 638 cognosces,
1092 575 1124 623 ut

109 665 316 724 supervacanea,
340 657 386 703 ant
409 648 496 704 alienu
518 648 606 721 posita
628 648 688 703 locu
711 647 793 703 videri
815 658 960 721 nequeant.
1002 651 1040 705 lta
1062 650 1123 722 ple-

108 752 223 810 rumque
245 734 438 807 perplexuma
441 741 506 806 tque
528 750 626 804 anceps
650 740 700 797 est,
734 733 807 806 quod
828 733 861 789 ab
883 733 1034 808 Epiphanio
1056 753 1124 809 pro-

107 821 233 894 ponitur,
257 827 460 892 argumentum,
485 826 515 873 ut
504 819 569 873 tad
591 817 795 891 intelligentiam
818 820 859 874 sui
882 820 1017 913 aliquanto
1041 821 1123 876 etiam

107 906 184 979 plura
207 921 286 977 quam
309 921 323 960 a
346 902 424 959 nobis
447 911 511 960 sunt
533 902 610 958 allata
633 902 777 958 desideret

193 988 260 1044 lllud
282 1006 345 1044 vero
368 997 507 1083 postremo
530 989 561 1044 ad
584 988 724 1061 Epiphanii
746 989 933 1045 tractationem
950 989 1123 1045 commodum

108 1075 236 1139 accessit,
260 1078 323 1140 nt,'
332 1074 458 1162 qnoniam
480 1074 618 1146 longiores
641 1073 805 1146 singularum
829 1075 976 1130 Haeresum
999 1075 1124 1148 disputa-

107 1161 195 1216 tiones
219 1168 297 1224 sunt,
328 1158 358 1214 ac
381 1167 513 1232 perpetuo
536 1175 618 1213 cursu
640 1158 783 1224 orationis,
808 1160 865 1214 sine
888 1160 942 1214 ulla
963 1160 1124 1234 interspira-

109 1246 182 1300 tione
205 1262 236 1300 ac
258 1243 429 1300 distinctione
452 1251 602 1307 contextae,
636 1252 724 1298 certas
746 1245 773 1299 in
795 1253 896 1317 partes,
919 1262 950 1300 ac
971 1245 1053 1299 veluti
1076 1263 1124 1301 ca-

107 1330 163 1403 pita
178 1329 316 1385 Haeresim
339 1345 556 1403 unamquamque
580 1326 770 1393 tribueremus,
794 1329 892 1402 quibus
915 1330 1067 1384 numerales
1090 1331 1123 1387 ad

108 1433 182 1472 oram
204 1423 283 1471 notas
305 1414 490 1487 apposuimus.
527 1413 600 1481 Quae
622 1431 667 1468 res
690 1431 743 1468 non
766 1414 912 1486 legentium
936 1415 1023 1469 solum
1046 1416 1124 1472 fasti-

107 1501 180 1556 dium
203 1499 366 1564 sublevabit,
397 1498 444 1554 sed
466 1500 497 1553 ad
521 1498 624 1552 citanda
649 1499 801 1554 testimonia
823 1500 978 1572 cumprimis
1002 1500 1050 1555 erit
1076 1518 1124 1556 ex·

106 1586 206 1659 pedite.
236 1585 301 1640 Nam
325 1584 431 1656 quoties
454 1600 485 1637 ex
503 1583 591 1653 aliqua
608 1573 749 1655 Epiplmnii
764 1583 874 1639 Haeresi
890 1585 1040 1641 authoritas
1056 1599 1125 1657 pro-

107 1671 223 1734 ducitur,
247 1671 269 1724 si
291 1668 371 1730 illam,
396 1667 434 1722 uti
457 1666 494 1729 fit,
518 1684 715 1740 recognoscere
737 1669 869 1732 volueris,
893 1677 949 1724 tota
973 1670 1029 1734 tibi,
1054 1687 1124 1741 quac

107 1770 301 1826 nonnunquam
331 1761 373 1806 est
400 1754 545 1816 immensa,
576 1753 754 1825 pervolvenda
783 1754 927 1826 disputatio
951 1763 1002 1809 est.
1047 1755 1125 1812 Nunc

106 1847 231 1893 notarum
256 1838 360 1891 illarum
382 1837 554 1909 capitumque
568 1838 735 1910 compendio
757 1839 835 1903 licet,
866 1856 919 1894 uon
943 1848 1048 1894 tanturn
1071 1857 1124 1913 que

107 1941 138 1977 err
154 1921 265 1977 Haeresi
286 1922 376 1976 lucum
398 1920 473 1975 illum
496 1921 647 1986 adduxeris,
670 1923 718 1978 scd
741 1925 820 1978 etiam
843 1932 927 1997 quoto
951 1942 982 1979 ex
998 1925 1124 1981 Haeresis

107 2023 230 2070 numero,
254 2006 295 2060 vel
318 2005 471 2060 adscribere
492 2006 591 2079 ipsum,
615 2007 656 2062 vel
678 2008 842 2080 adscriptum
861 2009 893 2063 ab
909 2009 966 2064 aliis
982 2010 1056 2065 nullo
1072 2029 1125 2066 ne-

107 2093 181 2165 gotio
204 2091 333 2163 reperire.
367 2090 445 2158 Quod
461 2090 483 2145 si
498 2091 563 2146 mihi
578 2092 604 2148 id
620 2092 785 2148 occurrisset
798 2093 883 2157 initio,
907 2094 940 2149 de
956 2112 1010 2169 quo
1026 2095 1124 2151 allecto

106 2178 157 2232 iam
177 2194 264 2250 opere
286 2176 358 2231 venit
380 2176 407 2230 in
430 2184 557 2241 mentem,
581 2177 659 2232 etiam
683 2177 842 2233 basileensis
865 2178 989 2234 editionis
1012 2181 1124 2252 paginas

106 2264 138 2318 ad
168 2262 316 2336 marginem
344 2271 455 2316 nostrae
483 2261 563 2316 huius
591 2262 767 2327 addidissem,
796 2272 909 2335 propter
931 2282 979 2319 eos
1002 2265 1125 2322 videlicet

107 2349 245 2413 authores,
269 2347 398 2420 quicum
422 2346 563 2420 Epiphanii
584 2347 673 2403 locum
697 2342 813 2420 aliquem
836 2349 987 2420 proterunt,
1012 2351 1125 2422 pagina-

107 2451 166 2488 rum
190 2434 283 2489 eadem
306 2450 338 2488 ex
361 2432 478 2487 editione
501 2449 643 2488 numerum
661 2433 764 2488 utiliter
779 2433 916 2490 adnotant.
948 2435 1036 2504 Quare
1051 2436 1125 2491 istud

106 2519 133 2573 in
156 2519 214 2583 alia,
239 2519 261 2574 si
283 2535 327 2572 res
349 2517 451 2581 tulerit,
476 2512 592 2573 editione
615 2518 766 2574 laciendum
788 2519 928 2575 suaserim.

191 2604 231 2657 lu
254 2603 331 2656 velim
355 2601 513 2671 (Catholice,
537 2620 567 2658 ac
590 2604 702 2659 candide
723 2604 829 2668 Lector,
853 2622 943 2676 neque
967 2605 1036 2659 enim
1060 2605 1125 2678 plu·

106 2685 182 2740 ribus
198 2696 225 2741 te
241 2687 361 2756 detineo)
379 2686 411 2741 ad
426 2687 494 2741 hanc
506 2686 722 2743 lucubrationem
745 2698 865 2743 nostram
888 2690 926 2743 sic
949 2689 1069 2754 accedas
1094 2699 1125 2747 ut

106 2770 249 2843 intelligas,
274 2786 362 2841 neque
384 2771 450 2824 nihil
473 2787 487 2823 a
510 2770 588 2824 nobis
612 2789 672 2826 esse
694 2781 844 2844 peccatum,
869 2782 896 2827 et
914 2773 935 2826 si
952 2775 1063 2844 quaein
1081 2775 1124 2830 illa

107 2856 249 2912 commissa
272 2852 493 2925 deprehenderis,
517 2869 547 2907 ea
569 2855 692 2926 pluribus
715 2872 776 2910 cum
799 2855 887 2920 bonis,
911 2856 933 2911 si
949 2857 1029 2911 modo
1045 2859 1118 2929 plur:

106 2939 172 2997 mibi
194 2939 264 2994 huna
287 2945 364 3002 sunt,
388 2946 434 2992 aut
455 2937 627 3008 aequalibus,
658 2939 864 3012 paucioribusve
886 2957 1056 3013 compenses,
1080 2959 1101 2998 at

107 3042 160 3103 que
183 3025 224 3080 his
247 3024 346 3087 fruare,
369 3021 420 3076 illis
442 3021 544 3076 veniam
567 3023 685 3088 tribuas,
709 3041 758 3096 pro
781 3024 917 3096 aequitate
940 3036 983 3083 tua
1007 3027 1103 3102 deniqu

106 3113 207 3168 maiora
229 3119 257 3166 et
278 3107 385 3165 utiliora
408 3107 571 3193 deincepsea
593 3107 672 3164 nobis
698 3117 833 3182 expectes.
