2534 4154
460 331 751 382 autnaovnnstones.
772 288 775 300 ³
1077 315 1119 380 89

86 489 128 546 in
148 506 264 546 massam
287 487 411 562 redigere
433 487 575 562 significat.
607 488 666 556 Quo
689 504 771 544 sensu
794 483 863 547 nbat
885 503 1054 560 promosset
1076 489 1123 544 in·

90 575 229 631 «1111111141
252 575 326 630 unde
341 573 434 630 Latina
456 590 506 628 voa
525 571 728 644 9141114841
752 589 802 646 pro
814 563 941 652 χόνδρῳ
956 581 1038 645 atque
1054 573 1121 630 alica

93 659 218 715 simileve
242 675 326 733 grano
348 674 487 732 nunquam
508 658 571 731 legi.

187 747 286 802 1574.
316 743 360 823 τῷ
384 736 418 798 ds
437 734 552 823 Hoa'lqr
575 735 635 817 πρὸ
659 731 862 815 ἑπτακοσίων]
887 742 971 810 Quam
994 736 1121 798 Chrono-

90 829 197 903 logiam
227 827 380 884 adhibuerit
402 827 568 901 Epiphanius
597 827 721 899 equidem
754 827 856 882 nescio.
901 825 1034 882 Eusebius
1056 825 1160 882 141461

34 915 130 970 'ab
152 931 226 970 anno
249 914 337 968 llchaz
362 915 390 976 9,
413 912 441 967 in
463 929 544 984 quem
567 912 720 967 vaticinium
744 911 809 968 illud
833 912 942 967 coniicit
956 911 1063 977 Noster,
1087 911 1121 967 ad

93 1000 217 1054 Natalem
243 997 342 1053 Christi
365 1014 451 1053 annos
474 997 576 1070 colligit
600 998 670 1055 748.
706 996 771 1051 Nam
794 1013 883 1052 nonus
905 997 994 1052 Achaz
1017 996 1122 1052 adscri-

95 1084 171 1140 bitur
194 1099 265 1138 anno
294 1084 382 1140 1268.
412 1082 511 1137 Natalis
535 1082 635 1137 Christi
658 1083 749 1138 2015.
780 1081 951 1136 Intervallum
968 1081 1030 1136 anui
1049 1083 1119 1139 748.

187 1170 247 1226 168
262 1184 285 1222 a.
315 1163 366 1221 ‘ibn
389 1161 477 1243 δείξῃ
495 1158 551 1240 τὴν
572 1161 715 1243 Μαρίαν]
741 1165 855 1221 hebraei
878 1166 997 1240 qnidam,
1021 1173 1119 1239 utpute

96 1253 172 1309 alben
197 1252 264 1308 Ezra
287 1260 314 1308 et
336 1251 416 1306 ltavid
438 1251 507 1306 llim.
530 1252 557 1305 in
587 1251 660 1306 hunc
685 1250 789 1315 locum,
820 1250 1024 1323 Prophetissam
1047 1250 1120 1306 illam

97 1338 192 1393 Esaiae
214 1353 326 1392 uxorem
349 1336 572 1408 interpretantur,
596 1353 665 1408 quae
688 1334 762 1408 quod
776 1334 940 1407 Prophetam
962 1335 1047 1391 virum
1063 1337 1122 1391 ha·

97 1422 199 1487 buerit,
222 1421 399 1494 Prophetissa
422 1429 603 1493 nuncupetur.
635 1421 745 1476 Hieron.
768 1421 865 1493 partim
888 1437 938 1492 per
959 1419 1122 1492 Prophetis-

98 1525 154 1564 sam
178 1507 309 1580 Spiritum
332 1514 470 1570 sanctum,
499 1506 595 1579 partim
618 1506 647 1561 B.
672 1505 805 1578 Virginem
828 1504 968 1577 intelligit,
998 1504 1071 1577 quod
1093 1511 1122 1561 et

99 1592 211 1648 basilius
234 1591 331 1663 aliique
354 1599 516 1663 sequuntur.

184 1676 228 1755 τῷ
249 1668 308 1751 γὰρ
331 1666 426 1754 ἐνάτῳ
449 1668 521 1748 ἔτει]
545 1674 627 1730 llulta
650 1675 703 1730 hoc
724 1664 791 1730 1444
801 1673 929 1729 adversus
944 1683 972 1729 et
987 1672 1120 1728 rationem

99 1772 252 1835 temporum
277 1769 304 1816 et
320 1761 488 1836 scripturam
510 1761 653 1816 commissa
675 1768 748 1824 sunt,
773 1759 827 1814 sive
849 1757 1021 1814 librariorum
1045 1757 1120 1823 vitio,

98 1847 153 1902 sive
182 1847 297 1901 authore
319 1847 379 1919 ipso
402 1845 473 1901 aliud
496 1854 602 1918 agente.
637 1844 720 1900 lsaiae
743 1843 895 1899 vaticinium
917 1843 983 1898 illud
1006 1859 1076 1897 anno
1100 1843 1118 1900 9

98 1933 187 1987 1141141
211 1931 312 1986 editum
336 1930 419 1985 luisse
441 1937 527 2002 putat.
558 1929 680 1985 Eundem
701 1946 784 2002 porro
808 1945 893 1984 annos
916 1945 1045 2001 regnasse
1073 1929 1120 1992 14,

99 2033 130 2071 ac
151 2027 210 2071 turn
225 2015 376 2080 Ezechiam,
400 2031 461 2070 cum
477 2015 558 2070 lsaias
574 2014 732 2071 vaticinatus
749 2022 799 2079 est,
823 2030 909 2068 annos
930 2016 960 2069 11
982 2012 1121 2068 habuisse.

99 2100 177 2169 Quod
207 2100 230 2154 si
259 2116 351 2155 verum
380 2108 436 2162 est,
468 2099 598 2155 bimulum
627 2100 710 2155 luisse
739 2106 849 2171 oportet
871 2098 1029 2161 Ezechiam,
1059 2113 1120 2152 cum

65 2187 71 2190 ’
99 2195 177 2258 pater
204 2185 288 2256 ipsius
322 2202 437 2257 regnum
465 2185 545 2257 cepit.
590 2185 672 2259 Atqui
700 2192 730 2240 ut
757 2185 780 2239 is
814 2187 848 2240 14
878 2183 1007 2238 duntaxat
1035 2197 1122 2237 annos

99 2269 268 2342 regnaverit,
298 2286 353 2324 non
382 2269 444 2341 plus
472 2271 506 2326 16
537 2269 613 2324 annis
637 2269 732 2324 habuit
753 2268 897 2329 Ezechias,
927 2283 1008 2339 quem
1030 2275 1121 2321 tamen

100 2356 139 2411 20
163 2371 250 2409 annos
273 2364 375 2417 natum,
400 2370 460 2408 cum
484 2371 598 2426 regnare
621 2354 720 2426 coepit,
744 2353 826 2408 luisse
842 2350 922 2424 paulo
938 2360 1001 2424 post
1017 2349 1120 2405 scribit.

98 2439 201 2495 Revera
223 2448 313 2493 autern
338 2440 376 2494 25
401 2437 509 2493 habuit:
533 2439 599 2511 Reg.
616 2442 645 2501 4,
659 2440 693 2494 18
718 2446 745 2492 et
760 2437 820 2492 Par.
839 2438 866 2501 2,
884 2437 933 2492 29.
965 2436 1053 2503 Quare
1069 2451 1122 2506 po-

100 2533 231 2579 stremum
267 2522 334 2578 illud
365 2523 506 2578 manifeste
535 2540 596 2578 eum
625 2522 763 2595 Scriptura
793 2530 910 2594 pugnat,
942 2528 972 2575 ut
1002 2527 1029 2574 et
1055 2519 1122 2575 illud

100 2608 173 2682 quod
203 2607 300 2664 asserit
323 2609 410 2663 Achaz
434 2625 518 2662 annos
542 2624 671 2680 regnasse
698 2610 750 2669 14,
779 2606 821 2660 cui
849 2607 885 2662 16
908 2605 1048 2678 Scriptura
1070 2604 1123 2661 tri-

99 2693 158 2749 buit
181 2693 247 2765 lleg.
265 2694 353 2757 4,16,
369 2694 396 2749 2.
426 2692 519 2765 Neque
541 2708 604 2747 vero
627 2693 715 2746 minus
738 2699 844 2746 caetera
867 2690 931 2746 lalsa
954 2699 1027 2745 sunt.
1064 2688 1122 2746 Hoc

101 2778 171 2833 enim
195 2778 352 2841 oraculum,
383 2778 456 2850 quod
480 2778 560 2832 lsaiae
586 2781 601 2832 7
626 2776 740 2849 legitur:
768 2775 841 2831 Ecce
869 2775 951 2846 Virqo
973 2775 1122 2847 concipiet,

101 2871 150 2918 etc.
175 2861 226 2917 sub
249 2862 313 2917 illud
336 2870 444 2935 tempus
466 2862 675 2935 pronunciatum
698 2868 754 2925 est,
779 2878 833 2934 quo
856 2861 936 2916 Rasin
959 2877 1006 2915 1411
1029 2860 1122 2933 Syriae

102 2958 128 3004 41
151 2947 257 3002 Phacee
286 2946 358 3002 lilius
380 2948 517 3003 homeliae
538 2964 586 3003 1411
607 2947 690 3002 lsrael
712 2946 839 3002 adversus
861 2947 950 3001 hohan
974 2945 1122 2999 exercitum

103 3029 247 3088 duxerunt.
293 3033 347 3087 lam
376 3050 440 3088 vero
469 3033 557 3088 Achaz
587 3049 657 3087 anno
680 3031 787 3087 Phacee
814 3034 848 3087 17
880 3046 993 3102 regnare
1022 3027 1122 3100 coepit.

102 3118 168 3191 lleg.
186 3119 274 3181 4,16,
292 3121 318 3174 1.
362 3117 448 3190 Igitur
469 3125 593 3172 mortuus
616 3126 658 3172 est
679 3116 785 3172 Phacee
808 3131 877 3169 anno
900 3113 987 3168 Achaz
1012 3115 1046 3177 4,
1076 3110 1123 3186 qui

102 3203 317 3259 loathamld'c.
332 3205 366 3257 15
389 3202 495 3266 dicitur,
519 3202 571 3256 hoe
594 3211 637 3257 est
658 3200 690 3256 ab
714 3199 823 3256 exordio
839 3198 914 3270 regni
931 3196 1052 3261 loathan,
1076 3195 1124 3268 qui
1198 3216 1201 3229 ¹

102 3287 180 3342 annis
208 3289 244 3342 16
269 3287 397 3360 regnavit,
422 3287 482 3342 eod.
506 3303 564 3358 cap.
589 3302 686 3342 comm.
705 3287 753 3342 33.
798 3282 882 3338 Paulo
904 3298 968 3336 vero
990 3290 1054 3353 post
1076 3297 1124 3336 va-

103 3371 225 3427 ticinium
241 3371 317 3436 illud,
334 3371 573 3444 leglathphalasar
586 3370 757 3443 Assyriorum
773 3383 828 3431 rex,
846 3367 922 3422 cuius
939 3382 1018 3438 opem
1034 3366 1123 3422 Achaz

103 3457 310 3529 imploraverat,
339 3465 441 3512 vastata
463 3455 538 3528 Syria
561 3455 641 3510 llasin
665 3452 807 3515 interfecit,
832 3452 914 3507 416.
960 3451 1010 3506 lliu
1032 3451 1124 3524 itaque

103 3549 166 3598 ante
177 3543 207 3598 e
232 3540 321 3596 hohaz
343 3541 408 3596 illud
431 3539 463 3595 ab
480 3540 545 3594 lsaia
561 3539 727 3612 praedictum
744 3546 800 3592 est:
825 3543 915 3608 atque,
940 3536 979 3591 uti
995 3535 1125 3593 credibile

103 3635 153 3692 cst,
178 3624 229 3682 sub
253 3624 324 3682 illius
348 3625 495 3690 exordium,
519 3633 567 3679 aut
588 3623 683 3680 saltem
705 3638 760 3677 uno
783 3621 902 3678 alterove
925 3631 988 3695 post
1010 3638 1091 3679 anno.
