2534 4154
110 315 152 376 50
565 326 678 377 runaut

197 486 235 541 34
252 485 279 539 d.
310 472 375 539 οἷον
394 464 586 557 ἥλιοςἯμα
608 476 658 538 καὶ
680 475 779 557 σέμες]
818 481 856 537 lte
879 482 921 537 his
944 480 1135 538 Hebraeorum

111 567 336 641 appellationibus
358 568 413 640 agit
435 567 634 623 eruditissimus
650 567 788 623 Serrarius
810 576 905 623 noster
926 567 944 622 Ι.
962 571 972 623 l
992 566 1025 622 de
1042 565 1136 623 tribus

111 653 197 709 Sectis
220 671 244 709 c.
265 654 281 710 2
306 652 382 709 etin
404 651 540 708 Minervali
561 655 591 716 4,
607 654 636 710 3.
679 652 716 707 Ea
738 652 777 708 sic
799 651 930 707 llebcaice
951 651 1131 724 concipienda

111 747 184 793 sunt.
215 750 301 803 παπ,
324 737 366 794 vel
388 747 482 798 attint:
507 748 566 797 rin*
588 737 630 793 vel
653 735 770 798 mbas.
812 737 932 792 Duorum
955 736 1134 810 sequentium

110 823 228 888 uomina,
250 823 325 897 quod
347 838 442 878 eorum
464 823 540 896 origo
556 822 592 880 sit
606 822 718 886 incerta,
742 823 878 878 nonsatis
894 815 1130 897 ἐξεβραΐζεσθαι

110 917 230 980 queunt;
246 901 369 981 Χωχέβ
390 898 528 982 Ὀκμώλ,
552 915 580 964 ct
600 900 717 980 Χωχέβ
735 897 863 980 Ὀχμόδ.
909 907 1029 975 Quorum
1053 907 1136 978 prius

107 983 231 1066 Ὀκμώλ
253 992 322 1049 sorte
345 1009 360 1047 a
380 987 457 1068 ξαρ,
480 992 553 1065 quod
576 1000 618 1047 est
635 991 784 1056 succidere,
808 992 922 1046 alterum
938 1008 953 1046 a
969 1002 1039 1051 unat
1056 991 1135 1065 quod

111 1086 153 1134 est
175 1078 377 1150 concupiscere,
405 1077 467 1150 quia
489 1077 637 1133 llarcurius
660 1075 828 1133 lucrionibus
852 1085 880 1131 et
912 1075 1136 1149 negotiatoribus

110 1171 240 1236 quaestus
268 1161 426 1218 avidissimis
455 1162 600 1235 praesidet.
644 1160 710 1216 Nam
739 1161 813 1233 quod
838 1160 958 1233 Scaliger
980 1161 1074 1216 Ocmol
1097 1159 1132 1215 ad

67 1240 68 1243 ’
111 1246 265 1312 eandum,
294 1248 340 1319 qui
367 1247 394 1302 in
417 1247 501 1302 veteri
523 1245 701 1319 inscriptione
724 1255 810 1310 extat,
839 1246 977 1319 pertinere
1000 1245 1135 1309 defendit,

109 1349 165 1387 non
188 1332 295 1404 probat.
340 1331 471 1404 Sequitur
492 1329 553 1393 δι’)
576 1343 666 1391 ουτ).
709 1331 819 1386 Veneris
842 1330 919 1386 stella
942 1325 1065 1407 σερούα,
1088 1329 1136 1385 vel

109 1410 216 1491 λουήὸ.
246 1417 325 1472 Prior
346 1433 396 1472 vox
418 1427 512 1480 astur,
537 1424 568 1471 ut
583 1415 705 1471 Serrario
721 1417 808 1471 visum
824 1425 875 1481 est,
900 1415 1029 1481 deducta;
1053 1414 1135 1489 quasi

109 1514 194 1561 mur:
217 1501 398 1574 posteriorem
419 1517 434 1556 a
456 1498 509 1560 ab*
531 1501 621 1556 malim
643 1517 724 1572 quam
746 1517 761 1555 a
782 1497 863 1561 narb.
902 1499 967 1555 Nam
984 1509 1012 1556 et
1026 1499 1134 1573 Assyrii

107 1576 291 1663 Ἀφροδίτην
312 1575 479 1654 Μύλιττα,
506 1584 610 1641 Arabes
626 1577 751 1641 Ἀλίττα
777 1593 980 1658 nuncuparunt.
1024 1584 1139 1640 dutbor

109 1670 264 1727 Herodotus
288 1670 355 1725 Clio·
399 1667 524 1729 ειη-ἡαπ
551 1663 571 1744 ἡ
599 1664 758 1746 γενέτειρα.
803 1670 924 1742 benique
954 1683 1027 1730 :tati
1050 1683 1132 1729 :nin

110 1755 219 1811 Sabbati
242 1754 319 1810 stella
341 1762 416 1810 recte
439 1754 573 1810 Saturnus
596 1755 703 1811 dicitur.

194 1830 273 1894 ἀλλὰ
295 1833 345 1893 καὶ
366 1824 406 1894 τὰ
425 1835 566 1912 ματαίως
588 1830 779 1913 νομιζόμενα]
820 1838 920 1895 Vellem
942 1839 1041 1894 clarius
1064 1839 1137 1895 baec

108 1923 166 1995 ipsa
189 1925 323 1996 στοιχεῖα
355 1923 528 1979 declarasset.
573 1924 638 1980 Nam
661 1924 736 1980 valde
760 1932 802 1980 est
824 1923 971 1980 obscurum
993 1924 1137 1996 quomodo

113 2009 149 2064 12
180 2009 248 2063 haec
270 2007 416 2080 Siguorum
444 2008 576 2065 vocabula
603 2005 645 2076 εἷς
667 2000 807 2085 ἀριθμὸν
829 2004 987 2082 στοιχείων
1009 1999 1136 2080 νομιζό-

107 2109 186 2165 μενα
208 2092 341 2148 dicautur.
370 2094 412 2148 dn
435 2093 487 2148 hoc
502 2094 595 2158 voluit,
619 2095 715 2150 bacca
732 2094 883 2150 Gentilibus
899 2094 973 2149 velut
987 2093 1135 2158 elementa,

110 2185 137 2233 et
159 2169 348 2252 στοιχειώδη,
371 2178 412 2234 vel
432 2171 598 2250 συνέχοντα
612 2179 669 2236 τοῦ
684 2170 884 2254 ἀνθρωπίνου
899 2174 971 2250 βίου
987 2195 1049 2234 esse
1064 2195 1136 2234 con-

109 2260 224 2319 stituta‘l
253 2265 294 2319 dn
316 2263 344 2318 id
365 2263 466 2336 potius,
491 2265 564 2335 quod
579 2263 804 2336 interpretatione
820 2272 912 2319 nostra
929 2259 1138 2336 expressimus?

107 2347 174 2403 Nam
197 2348 279 2422 Signa
301 2348 407 2405 Zodiaci
430 2348 585 2404 dividuntur
612 2349 654 2405 vel
677 2342 755 2404 κατὰ
778 2341 958 2424 διάμετρον,
988 2348 1030 2403 vel
1053 2339 1135 2403 κατὰ

107 2428 271 2510 τρίγωνον,
298 2435 340 2490 vel
367 2424 446 2490 κατὰ
472 2424 677 2509 τετράγωνονς
707 2433 741 2489 de
763 2433 862 2506 quibus
884 2433 1013 2489 Geminus
1035 2450 1062 2505 p.
1080 2434 1135 2490 21.

108 2517 147 2572 Ex
168 2518 200 2573 iis
224 2519 416 2591 partitionibus
437 2521 565 2584 secunda,
589 2527 719 2592 quaeest
745 2510 824 2574 κατὰ
839 2512 995 2594 τρίγωνον,
1018 2518 1138 2590 quadri-

107 2600 203 2656 lariani
228 2602 391 2675 Signiferum
420 2604 515 2659 orbem
545 2604 650 2660 dividit:
680 2604 797 2676 primum
826 2612 996 2675 segmentum
1018 2602 1134 2658 boreale

108 2684 221 2740 dicitur:
245 2688 395 2742 secundum
409 2689 548 2743 lustrale:
572 2689 684 2744 tertium
700 2688 894 2760 Zephyricum:
918 2696 1044 2760 quartum
1057 2687 1137 2742 Sub--

110 2769 243 2824 solanum.
274 2769 348 2838 Quae
370 2772 480 2845 quidem
501 2772 535 2827 ad
557 2773 724 2838 nativitates,
748 2765 947 2844 συμπαθείας
966 2773 1029 2827 τῶν
1049 2765 1134 2847 γενέ-

109 2869 197 2923 σεων,
226 2871 240 2908 a
264 2854 445 2911 Genethliacis
469 2857 709 2912 accommodantur
731 2865 759 2911 et
781 2857 817 2911 ait
840 2856 984 2919 Geminus,
1009 2857 1083 2928 quod
1105 2856 1136 2912 in

110 2939 191 2994 certis
213 2938 347 2994 sideribus
369 2948 462 2995 mutua
485 2941 616 3012 quaedam
639 2940 784 2996 consensio
808 2949 836 2995 et
857 2940 1023 3011 conspiratio
1041 2941 1137 2998 inesse

110 3023 244 3080 credatur.
273 3023 373 3079 Eadem
394 3023 439 3080 illa
461 3034 600 3097 segmenta
622 3025 680 3080 suis
702 3041 827 3099 quaeque
850 3024 991 3080 elementis
1006 3026 1135 3098 assigna·

109 3112 184 3165 runt.
214 3110 288 3177 Quae
310 3108 400 3164 omnia
421 3110 449 3164 in
471 3110 524 3165 hoc
545 3110 741 3183 ltingrarumate
763 3109 864 3165 intueri
887 3109 960 3165 licet.
