2534 4154
457 300 570 350 PE‘thll
589 301 761 352 ruitantia.
1014 307 1122 350 LXXXIII

112 451 183 506 verti.
215 450 362 524 Postquam
385 451 455 506 euim
473 452 592 508 Cornarii
607 452 700 509 Latina
723 454 865 510 emendare
889 473 948 510 sum
971 457 1120 529 ingressus,

110 536 312 610 periculumque
335 537 508 593 recensendis
530 537 632 609 aliquot
654 539 757 612 paginis
780 539 845 604 leci,
876 541 972 613 ecquid
994 543 1121 598 mediocri
1174 551 1182 570 ’

80 637 86 643 ·
108 621 195 693 aliqua
219 621 378 677 tractatione
399 623 533 678 nitescere
556 639 586 677 ac
607 624 736 696 perpoliri
759 635 866 697 posset,
896 626 974 698 plena
997 644 1051 682 uon
1075 647 1122 682 so-

107 705 159 760 lum
184 705 283 767 lastidii
305 706 360 761 visa
382 724 425 761 res
449 717 503 772 est,
531 707 577 762 sed
602 708 680 762 etiam
704 710 842 766 molestiae
865 718 891 765 et
914 710 1050 766 illiberalis
1073 731 1123 767 cu-

106 790 210 847 iusdam
234 808 379 864 operaeac
394 790 502 848 laboris.
533 793 572 847 lta
588 792 671 847 multa
688 803 743 848 turn
760 795 899 860 demenda,
923 799 1120 860 commutanda,

105 875 295 951 interpolanda
318 876 442 939 luerunt,
466 885 497 931 ut
519 894 569 949 ego
593 876 758 933 tolerabilius
782 898 842 935 osse
865 889 1021 946 statuerem,
1044 882 1122 937 aliam

105 961 134 1016 de
158 961 269 1033 integro
292 978 322 1016 ao
345 978 439 1016 novam
462 971 577 1025 struere,
601 979 681 1033 quam
704 963 815 1028 alienae,
842 966 1001 1036 praesertim
1024 965 1123 1021 harba-

105 1063 148 1101 rae
172 1045 357 1118 insulsaeque,
381 1047 524 1101 tectorium
547 1047 683 1102 inducere.
726 1047 799 1102 Gessi
816 1049 898 1121 igitur
920 1050 1018 1105 invitus
1042 1061 1122 1124 atque

105 1131 243 1186 haesitans
271 1131 350 1193 licet,
381 1138 409 1185 et
436 1132 462 1186 in
491 1133 543 1186 hoc
573 1149 615 1186 me
637 1132 780 1203 pistrinum
804 1133 909 1188 detrudi
932 1136 1121 1209 compingiquc

105 1233 164 1270 sum
187 1232 301 1288 passus,
332 1224 363 1270 ut
385 1232 446 1270 eum
468 1217 644 1288 scriptorem,
675 1234 754 1288 quem
778 1218 977 1290 castigandum,
1007 1230 1037 1275 ut
1060 1221 1121 1282 dixi,

105 1310 186 1373 atque
210 1301 361 1356 'ornandum
384 1301 569 1356 tantummodo
592 1318 780 1374 susceperam,
810 1303 904 1359 Latino
928 1305 1039 1377 insuper
1062 1324 1123 1360 ser-

103 1401 185 1440 mone
209 1394 405 1440 converterent.

189 1470 238 1524 Est
264 1469 331 1524 illud
359 1469 480 1542 prolecto
507 1488 592 1542 genus
615 1472 879 1544 interpretandorum
901 1470 1032 1526 librorum
1056 1473 1121 1527 utile

105 1553 183 1610 honis
213 1553 331 1618 artibus,
361 1562 388 1609 et
414 1556 486 1628 quod
509 1556 594 1610 maior
615 1573 677 1628 pars
701 1557 801 1612 Graece
823 1565 869 1612 aut
892 1557 1120 1625 onmino‚nescit,

105 1649 149 1696 aut
178 1657 235 1694 non
262 1639 298 1694 ita
328 1639 393 1704 scit,
423 1648 454 1694 ut
476 1640 508 1694 iis
531 1640 690 1695 adiumentis
714 1658 806 1697 carere
829 1642 931 1715 possit,
962 1642 1011 1695 hac
1033 1649 1120 1697 aetate

105 1724 297 1780 necessarium.
329 1724 382 1778 Sed
404 1724 474 1778 idem
498 1734 585 1778 tamen
609 1741 663 1779 non
686 1725 774 1779 solum
791 1727 901 1781 insuave
916 1743 966 1798 per
981 1743 1050 1789 sese,
1074 1744 1121 1781 ve-

105 1827 164 1864 rum
187 1809 277 1875 etiam,
302 1817 415 1881 propter
437 1826 568 1863 summam
592 1810 644 1864 hoc
668 1818 789 1882 tempore
812 1809 979 1865 obtrectandi
1003 1811 1121 1884 impuni-

105 1903 187 1949 tatem
220 1911 250 1949 ac
281 1894 432 1956 licentiam,
463 1893 597 1948 solicitum
620 1911 650 1949 ac
672 1893 815 1950 luhricum.
860 1896 991 1963 Quoniam
1013 1896 1120 1968 quidem

105 1989 179 2035 recte
202 1979 287 2044 lacto,
311 1978 453 2034 mediocris
476 1978 650 2050 approbatio;
674 1988 777 2044 errato,
802 1981 860 2035 sine
883 1980 936 2034 ulla
959 1981 1050 2043 venia,
1075 1996 1126 2036 ve-·

105 2065 218 2119 hemens
241 2072 269 2119 et
290 2072 366 2118 atrox
389 2062 565 2134 reprehensio
587 2064 758 2136 proponitur.
789 2065 818 2120 ld
833 2064 899 2119 adco
916 2073 1053 2120 certorum
1069 2067 1122 2121 ho-

105 2150 207 2204 minum
219 2148 423 2220 importunitate
440 2157 467 2202 et
482 2147 676 2203 inhumanitate
693 2148 730 2213 ht,
755 2149 800 2221 qui
813 2166 874 2203 cum
886 2150 937 2221 ipsi
953 2149 1011 2205 sine
1028 2168 1120 2205 errore

105 2233 171 2289 nihil
194 2232 321 2297 scribant,
346 2249 435 2305 neque
458 2249 487 2287 se
510 2249 525 2287 a
547 2250 683 2305 quoquam
706 2233 830 2306 redargui
853 2233 1002 2306 patiuntur,
1027 2242 1054 2288 et
1069 2236 1120 2289 hoc

104 2318 192 2392 ipsum
216 2327 305 2374 tamen
329 2317 467 2389 tyrannico
491 2316 542 2372 sihi
564 2318 622 2373 iure
645 2318 672 2372 in
696 2327 819 2373 caeteros
836 2327 977 2390 usurpant.
1008 2317 1055 2371 llst
1071 2335 1121 2371 au-

105 2412 158 2458 tem
188 2403 216 2457 in
246 2401 353 2457 Graecis
387 2401 506 2457 Latinam
535 2401 562 2456 in
590 2403 708 2475 linguam
739 2402 931 2457 transferendis
957 2401 1062 2473 lapsum
1090 2419 1120 2456 ac

105 2486 344 2561 reprehensionem
375 2487 473 2542 evitare
501 2486 621 2551 difficile,
651 2495 795 2559 propterea
823 2486 896 2558 quod
918 2503 998 2542 nemo
1021 2494 1062 2540 est
1085 2487 1119 2541 ita

105 2571 265 2628 necessariis
287 2571 366 2626 adid
390 2584 488 2626 munus
511 2572 649 2644 praesidiis
672 2571 836 2635 instructus,
866 2571 912 2644 qui
935 2580 981 2626 aut
1004 2572 1120 2627 Graecos

105 2675 200 2713 omnes
222 2657 352 2712 authores
373 2656 485 2729 legerit,
509 2665 555 2711 aut
577 2656 735 2711 immensam
757 2657 808 2711 vim
830 2656 928 2711 artium
951 2656 1070 2712 omnium
1094 2665 1121 2712 et

105 2741 259 2806 materiam,
290 2758 403 2814 quarum
427 2759 458 2797 ex
480 2741 590 2796 scientia
614 2741 784 2797 elllorescere
814 2758 844 2796 ac
866 2742 1017 2798 redundare
1040 2741 1121 2798 debet
1147 2797 1156 2808 ,

105 2826 308 2900 interpretatio,
340 2843 391 2881 usu
421 2835 449 2881 et
470 2828 598 2881 memoria
622 2827 841 2899 comprehendat.
887 2827 952 2895 Quis
975 2835 1016 2882 est
1039 2828 1118 2888 enim,

106 2913 150 2984 qui
184 2911 285 2966 divinas
312 2912 502 2984 humanasque¹¹
520 2911 687 2984 disciplinas,
718 2912 763 2984 qui
787 2912 964 2985 Theologiae,
994 2912 1120 2966 Philoso-

104 2997 183 3070 phiae
211 3013 243 3051 ac
264 2995 455 3051 hlathenaatuur
483 3005 574 3069 partes
602 3013 711 3061 omnes,
742 2997 786 3070 qui
814 2997 882 3050 luris
911 3013 941 3051 ac
964 2995 1118 3055 hlediciuae,

105 3082 151 3156 qui
172 3081 291 3136 minutas
314 3081 429 3153 denique
452 3089 523 3136 artes
546 3081 586 3136 vel
608 3099 679 3136 unus
702 3080 842 3136 exhaurire
865 3080 994 3154 potuerit,
1019 3078 1059 3132 vel
1076 3079 1120 3131 in-

104 3166 206 3222 finitam
229 3165 431 3230 vocabulorum,
459 3183 528 3237 quae
551 3166 648 3238 cuique
670 3166 778 3238 propria
802 3173 879 3229 suut,
914 3164 1004 3218 silvam
1032 3162 1119 3217 varie-

106 3259 243 3325 tatemque
266 3248 399 3306 scrutari?
428 3251 508 3322 htqui
531 3268 591 3306 cum
614 3251 657 3305 illa
672 3250 771 3324 passim
788 3250 950 3305 Graecorum
966 3247 1120 3301 monimen-

106 3336 138 3391 tis
161 3353 271 3409 aspersa
287 3344 360 3400 sunt,
385 3344 441 3391 tum
457 3336 614 3390 eorumdem
634 3336 737 3390 inscitia
753 3350 946 3405 nonnunquam
963 3332 1119 3386 hallucinari

103 3421 281 3493 interpretem
304 3438 352 3493 par
374 3430 424 3485 est,
449 3430 476 3476 et
498 3420 530 3475 ah
547 3420 617 3476 illius
633 3421 697 3476 artis
712 3419 815 3492 peritis
839 3426 932 3473 contra
948 3434 1028 3489 quam
1044 3434 1120 3471 com-

102 3505 215 3561 missum
245 3504 345 3577 aliquid
368 3505 464 3570 luerit,
495 3506 555 3561 vitia
578 3506 634 3578 ipsa
658 3503 832 3577 deprehendi.
878 3502 930 3557 Sed
954 3512 1047 3557 mutua
1069 3503 1119 3558 ista

104 3590 243 3665 castigatio
278 3591 377 3648 erroris
407 3599 434 3648 et
456 3591 648 3647 animadversio
670 3589 808 3646 maximam
832 3587 909 3644 allert
931 3587 1119 3645 communihns

928 3685 969 3735 F*
