2534 4154
440 326 731 378 inrarruvcnsroues.
1035 314 1101 377 1115

81 475 169 564 κᾴμοὶ
193 473 492 560 παρηκολουθηκότι,
516 483 568 539 hoo
591 491 641 547 est,
666 484 713 558 qui
736 501 800 548 non,
824 493 854 539 ut
876 485 923 549 1111,
943 464 979 540 Υἐκ
993 503 1096 562 napu-

80 563 207 636 δόσεως,
229 567 277 623 sed
301 583 333 622 ex
354 567 463 639 propria
486 567 512 623 id
536 567 646 623 scientia
670 571 857 641 compererim.
890 570 1031 625 Caeterum
1055 580 1098 626 ta-'

79 653 156 710 111111
178 652 212 707 ad
235 669 296 708 eum
320 668 429 706 sensum
451 653 648 709 accommodari
663 654 752 709 Lucae
774 655 855 709 verba
878 655 944 711 nihil
960 655 1096 727 prohibet,

78 756 130 796 non
160 737 260 794 1111111
289 746 378 792 tamen
402 736 501 792 Christi
530 737 690 810 discipulum
713 727 797 794 luisse
820 749 906 809 certo,
917 742 1099 813 pronunciare

77 824 173 888 ausim,
197 838 259 878 eum
281 822 344 878 huie
366 820 500 877 adversari
523 823 674 878 sententiae
692 823 773 896 longe
790 825 881 897 plures
898 842 930 881 er
946 826 998 880 PP.
1015 825 1100 881 intel-

77 909 169 983 ligam.
196 907 251 963 Sed
273 908 323 962 ista
346 907 567 970 commemoravi,
586 916 617 962 ut
639 925 673 962 ne
695 909 782 964 Lucae
805 910 856 982 ipsi
879 911 912 966 de
936 928 965 966 se
988 909 1099 966 testanti

78 993 209 1066 refragari
231 992 373 1066 quisquam
396 991 574 1064 Epiphaniam
597 991 753 1049 arbitretur.

165 1095 267 1151 4331.
298 1087 348 1147 καὶ
370 1086 509 1169 κηρύττει
532 1093 664 1167 πρῶτον]
702 1095 801 1149 Lucam
830 1095 856 1149 in
880 1095 963 1150 Gallia
990 1096 1101 1168 praedi-

78 1195 166 1244 casse,
189 1178 289 1242 nullus,
313 1178 386 1252 quod
408 1178 499 1242 sciam,
523 1179 650 1251 prodidit.
694 1182 783 1252 Atque
805 1180 877 1235 leand
900 1180 956 1235 scio
979 1197 1012 1234 an
1036 1181 1102 1236 Gal-

79 1264 141 1320 liam
165 1263 325 1336 Cisalpinam
358 1262 504 1336 intelligat,
534 1281 584 1336 per
610 1281 689 1337 quam
714 1264 741 1319 in
764 1264 919 1321 Dalmatiam
945 1265 1102 1322 Graeciam-

79 1364 133 1422 que
156 1347 337 1404 contenderit.

165 1449 270 1509 43311.
299 1442 446 1524 Κρίσκης,
470 1444 577 1527 φησὶν,
601 1444 631 1505 ἓν
653 1452 690 1527 τῇ
714 1446 743 1504 Γ
742 1445 843 1529 αλλιή]
874 1449 929 1505 lmo
953 1445 995 1516 εἰς
1016 1447 1047 1505 Γ
1045 1448 1101 1506 αλ-

80 1529 158 1591 λίαν.
188 1534 253 1590 Nam
276 1534 355 1607 vulgo
379 1529 421 1599 εἰς
436 1530 465 1588 Γ
464 1530 600 1589 1111111.
632 1535 705 1604 Quae
729 1544 770 1591 est
792 1535 973 1590 vetustissima
996 1545 1023 1590 et
1039 1552 1102 1591 cer·

81 1620 184 1677 tissima
205 1619 295 1684 lectio,
320 1618 447 1693 quicquid
471 1619 586 1675 affirmet
607 1619 782 1693 Epiphanius.
814 1621 898 1689 Quam
922 1630 949 1676 et
967 1620 1101 1676 Eusebius

81 1698 149 1762 llist.
169 1707 196 1769 3,
214 1707 242 1769 4,
267 1705 406 1777 Chrysost.
430 1702 597 1769 Ambrosius,
618 1704 820 1771 ,Theodoretus
844 1723 875 1761 ac
891 1705 985 1761 Graeci
1008 1715 1035 1761 et
1049 1707 1103 1760 La-

81 1789 128 1847 tini
154 1806 248 1846 ornnes
271 1797 431 1862 agnoscunt.
473 1789 631 1863 Quanquam
654 1807 708 1845 non
732 1792 830 1846 desunt
854 1791 901 1865 qui
925 1808 974 1863 per
996 1786 1025 1844 Γ
1024 1788 1103 1846 αλα-

80 1870 150 1931 τίαν
165 1874 237 1948 apud
252 1869 365 1930 Paulu'm
382 1873 491 1929 Galliam
508 1874 668 1948 intelligant,
692 1882 723 1929 ut
738 1875 936 1931 theodoretus.
969 1875 1103 1932 Crescen-

80 1967 135 2018 tem
167 1977 230 2015 vero
255 1959 397 2014 Galliarum
421 1969 449 2014 et
471 1959 588 2014 Galatiae
612 1959 712 2032 pariter
734 1961 894 2034 Apostolum
918 1961 1016 2026 luisse,
1045 1958 1102 2017 hdo

76 2042 103 2102 in
127 2042 240 2119 Martyr.
264 2043 295 2099 V.
318 2043 375 2099 llal.
398 2043 447 2099 lul.
478 2054 505 2100 et
532 2044 559 2099 in
586 2044 720 2100 Chronico
749 2055 880 2112 testatur,
909 2055 940 2101 ut
968 2057 995 2102 et
1024 2046 1103 2102 111111.

74 2126 191 2203 Martyr.
215 2146 324 2185 novum.
353 2128 437 2184 Vetus
456 2129 526 2184 enim
543 2129 660 2185 Galatiae
677 2131 805 2186 duntaxat
819 2131 950 2186 meminit.
981 2129 1014 2185 Et
1029 2139 1103 2186 certe

70 2214 199 2272 dubitari
222 2222 323 2288 potest,
347 2223 438 2269 utrum
461 2231 515 2270 non
539 2214 620 2270 modo
637 2213 777 2280 Crescens,
802 2216 848 2270 sed
873 2215 913 2270 vel
936 2214 1003 2269 alius
1026 2214 1104 2286 quis-

69 2316 164 2379 quam
186 2316 237 2374 per
257 2299 301 2355 illa
324 2307 446 2372 tempora
470 2298 559 2354 Galliis
584 2298 717 2372 Evangelii
740 2300 827 2356 lucem
851 2299 1011 2372 importarit.

169 2403 230 2460 434
248 2419 271 2457 a.
301 2394 380 2474 μετὰ
403 2394 458 2475 τὴν
479 2393 576 2457 αὐτοῦ
598 2393 658 2456 ἀπὸ
681 2403 735 2475 τῆς
756 2393 905 2474 Πάτμου]
938 2399 997 2455 Non
1021 2399 1105 2473 igitur

68 2486 106 2546 in
132 2487 228 2543 Patrno
258 2486 366 2559 scripsit
394 2485 583 2558 Evangelium,
611 2486 659 2541 sed
688 2485 795 2558 Ephesi.
839 2485 932 2557 Neque
960 2502 1024 2541 vero
1052 2483 1104 2541 sub

70 2572 205 2637 Claudio,
230 2572 279 2627 sed
301 2570 351 2626 sub
367 2570 452 2633 Nerva
468 2569 581 2626 Cocceio
602 2569 635 2625 ab
660 2570 737 2625 exilio
760 2587 885 2626 reversus
910 2579 959 2635 est,
984 2571 1104 2645 quamvis

71 2657 182 2717 iterum
204 2665 300 2730 postea
323 2655 374 2712 sub
398 2654 508 2711 Claudio
531 2664 685 2711 revocatum
708 2655 814 2711 asserit.

169 2761 232 2816 435
248 2776 272 2814 a.
302 2760 403 2815 ταῦτα
425 2754 456 2815 ἐν
479 2754 673 2836 Βηθαβαρᾷ]
698 2758 816 2831 Utraque
838 2776 888 2816 vor
911 2767 938 2813 et
956 2757 1107 2815 Bethabara

75 2854 111 2905 et
133 2844 264 2901 Bethania
291 2844 362 2917 apud
391 2844 517 2918 antiquos
545 2843 690 2916 reperitur.
736 2843 800 2899 Vide
823 2861 892 2916 quae
915 2843 947 2900 de
970 2844 1106 2901 hocloco

76 2929 220 3002 scripsere
242 2929 341 2984 blasius
361 2938 392 2987 ,11
415 2929 553 2985 8111111111
581 2929 609 2984 in
630 2929 726 2994 losue,
757 2928 872 2985 llaldon.
895 2937 922 2985 et
945 2928 1056 2984 Toletus
1077 2928 1106 2983 in

78 3015 185 3087 Evang.

91 3138 107 3159 -’
172 3118 233 3173 435
249 3113 275 3170 d.
303 3109 356 3169 ἵνα
386 3109 468 3192 δείξῃ
496 3106 574 3188 μετὰ
600 3109 656 3182 τὰς
683 3108 927 3192 τεσσαράκοντα]
964 3111 1107 3186 Epiphanii

82 3200 220 3258 sententia
243 3200 311 3256 haee
333 3209 383 3264 est,
408 3199 545 3256 Christum
568 3210 631 3273 post
653 3203 691 3257 40
716 3200 820 3255 dierum
842 3198 971 3254 ieiunium
995 3205 1023 3252 et
1045 3205 1108 3252 ten-

84 3286 217 3343 tationem
240 3285 268 3339 11
291 3285 434 3351 Galilaeam
457 3303 519 3340 esse
541 3286 703 3358 protectum,
729 3284 901 3354 indidemque
923 3282 956 3336 ad
978 3282 1109 3337 loannem

85 3379 115 3428 et
132 3370 275 3426 lordanem
298 3370 451 3434 revertisse,
475 3386 530 3444 quo
554 3379 676 3444 tempore
692 3370 806 3424 loannes
823 3368 896 3422 illum
913 3366 1027 3423 intuitus
1044 3384 1108 3421 rur·

86 3470 147 3512 amn
171 3455 204 3511 de
227 3454 287 3528 ipso
309 3463 425 3511 testatus
449 3463 500 3519 111,
524 3455 710 3517 11111.1,36.
741 3453 808 3507 Turn
831 3452 901 3507 enim
925 3442 1107 3509 ambulantem
1188 3442 1192 3450 ⁸

86 3540 186 3597 vidisse
208 3541 297 3596 lesum
320 3540 413 3596 scribit
435 3539 559 3597 loannes.
588 3541 623 3595 tt
638 3538 803 3611 Epiphanius
821 3539 857 3593 29
876 3545 903 3593 et
920 3539 958 3594 30
975 3545 1108 3594 commata

89 3641 151 3682 cum
174 3626 315 3690 3511311
337 3624 492 3681 1111111111
514 3625 629 3690 videtur,
652 3639 714 3680 enm
737 3639 769 3679 11
785 3621 928 3696 Evangelio
944 3622 1048 3696 profert
1069 3623 1110 3701 τῇ
