2534 4154
151 301 214 367 tto
608 311 723 363 ruruvu

150 467 577 546 recentioresQuadragesimam
599 465 731 539 auspicati
752 474 833 530 sunt,
862 466 902 522 uti
923 465 1047 540 pluribus
1070 469 1105 525 ad
1125 470 1176 527 Ni-

151 558 302 631 eephorum
324 563 387 610 ante
409 552 512 624 aliquot
533 568 619 607 annos
635 550 822 608 disseruimus.
850 550 909 619 ¹(luo
926 551 1053 609 nimirum
1069 557 1109 612 40
1126 573 1176 612 so-

151 641 220 699 lidos
249 640 306 696 dies
334 637 434 694 ieiunio
463 635 624 694 tribuerent.
669 635 827 693 Ambrosius
857 635 944 693 Serm.
963 639 1003 695 31,
1018 646 1047 694 et
1064 641 1103 699 32
1126 658 1175 697 sex

152 724 329 783 hebdomadis
351 740 382 779 ae
404 720 500 779 diebus
524 723 563 779 42
590 720 828 794 Quadragesimam
851 719 960 786 definit,
995 739 1098 797 eosque
1128 727 1176 798 qui

152 808 408 886 Quinquagesimam
430 824 480 880 pro
503 805 713 878 Quadragesima
735 805 888 863 ieiunarent
908 806 1056 880 redarguit.
1100 862 1103 866 ,

240 895 382 951 Caeterum
403 901 458 948 tam
482 891 515 946 de
537 892 590 946 hoe
616 890 754 947 Paschatis
776 889 877 949 ieiunio
900 908 981 963 quam
1003 892 1036 949 de
1053 893 1177 962 Quadra-

154 981 257 1054 gesima
280 978 437 1035 Timotheus
454 975 649 1033 Alexandrinus
665 974 815 1048 Episcopus
837 975 951 1048 intelligi
965 985 1065 1050 ⁸potest
1081 979 1109 1035 in
1125 980 1178 1041 Ca·

155 1063 262 1121 nouieis
275 1062 433 1137 Responsis‚
455 1062 590 1134 lnterrog.
608 1061 626 1118 8
643 1069 670 1115 et
690 1063 736 1117 10.
768 1060 887 1128 Quarum
900 1059 936 1117 ,in
958 1062 1050 1134 priore
1065 1067 1177 1137 quaeri-

155 1159 201 1213 tur
229 1157 320 1205 utrum
349 1163 484 1221 puerpera
506 1146 608 1202 Pascha
631 1145 751 1202 ieiunare
774 1144 885 1210 debeat,
916 1162 949 1200 an
981 1147 1007 1203 ei
1033 1149 1087 1205 vini
1109 1167 1177 1208 usus

155 1233 337 1307 indulgeatur.
381 1233 410 1288 ln
439 1231 585 1304 posteriori
619 1230 653 1289 de
681 1238 794 1303 aegroto
823 1229 963 1287 dubitatur
990 1248 1024 1288 an
1053 1234 1179 1293 similiter

155 1319 323 1376 Paschatis
317 1317 421 1374 ieiunio
442 1323 575 1381 teneatur,
598 1321 680 1390 atque
703 1315 793 1371 oleum
817 1323 845 1371 et
860 1315 951 1373 vinum
965 1316 1094 1378 adhihere
1109 1337 1179 1392 pos-

155 1405 200 1461 sit.
241 1405 298 1472 Qua
322 1419 355 1458 er
376 1401 523 1474 posteriori
544 1400 703 1473 quaestione
725 1399 847 1457 balsamo
867 1392 1028 1472 colligitfl'
1011 1420 1058 1458 οτι
1079 1394 1099 1478 ἦ
1124 1424 1179 1479 νη-
1211 1459 1217 1474 ‚

154 1484 241 1549 στειά
263 1490 317 1563 τῆς
338 1486 587 1562 τεσσαρακοστῆς
601 1501 656 1549 του
642 1476 789 1556 Πάσχα
805 1479 1008 1561 ξρραφαρία
993 1482 1072 1543 eorl·
1095 1481 1178 1547 titt

155 1573 204 1630 καὶ
228 1567 311 1629 othon
335 1563 444 1645 άαοχή.
484 1570 564 1626 Addit
588 1577 676 1627 lamen
706 1569 882 1627 nonnullos
874 1587 903 1625 m
901 1579 1043 1648 utroque
1067 1571 1178 1632 canone

155 1658 341 1724 hebdomadae
363 1664 472 1714 sanetae
494 1655 638 1719 ieiunium,
668 1672 723 1710 nou
746 1654 965 1728 quadragesimae
987 1655 1072 1714 totius
1094 1659 1179 1717 intel-

155 1744 263 1801 leuisse.
307 1741 474 1815 Epiphanius
502 1756 613 1814 quoque
641 1739 669 1794 in
697 1740 818 1797 herianis
841 1739 952 1796 Haeres.
963 1744 1011 1805 75,
1029 1744 1047 1800 3
1071 1742 1104 1800 de
1125 1745 1178 1801 hae

156 1828 323 1884 hebdomada
346 1827 480 1899 loquens,
503 1818 534 1881 ἔν
555 1843 586 1882 τε
608 1825 729 1898 ταῖςρ
697 1817 825 1903 ἡμέραις
845 1825 901 1881 τοῦ
921 1815 1055 1898 Πάσχα,
1078 1829 1177 1904 iuquit,

156 1929 205 1968 ατε
228 1929 291 2010 παρ
315 1903 571 2012 ἡμῖνχαμευνιαι,
595 1902 719 1984 ἁγνεῖαι,
743 1903 958 1978 κακοπάθειαι,
980 1904 1178 1989 ’ξηραφαχιάι,

156 1987 251 2070 ευχαὶ,
273 1988 435 2072 άχρυανίαι
457 2011 489 2048 τε
511 2012 562 2049 και
584 1997 716 2068 epotetur
739 1990 790 2050 καὶ
812 1996 908 2050 πᾶσαι
931 2012 993 2051 των
1013 1998 1125 2070 ψυχων
1145 2018 1179 2057 αι

156 2075 304 2158 σωτηρίαι
328 2089 380 2136 etc
409 2079 482 2135 ldem
505 2087 532 2133 et
555 2078 790 2143 Haeresi70,12.
814 2078 1014 2137 hebdomadam
1036 2082 1179 2140 illamPa-

157 2166 257 2223 s'elratis
280 2157 470 2241 ξηροφαγίας
490 2152 655 2236 ἑβδομάδα
676 2159 725 2218 καὶ
749 2181 803 2221 του
790 2155 938 2238 Πάσχα
958 2167 1089 2223 nominat.
1114 2168 1178 2227 Vide

158 2259 185 2314 at
207 2269 230 2307 e
244 2255 291 2309 14.
319 2251 374 2307 Nee
396 2249 462 2305 illud
485 2248 754 2322 praetermittendum
778 2256 834 2313 est,
860 2250 899 2305 uti
921 2250 1023 2306 Pascha
1046 2269 1096 2325 pro
1120 2262 1179 2311 tota

104 2336 376 2409 tbbouadragesima,
399 2343 446 2390 aut
467 2351 518 2406 pro
541 2333 634 2398 ultima
655 2333 757 2390 saltem.
774 2334 845 2391 illius
867 2332 1034 2393 hebdomada
1051 2339 1177 2395 sumitur.

157 2421 246 2483 Veluti
274 2438 335 2477 eum
358 2418 516 2476 Timotheus
545 2418 707 2492 νηστεῦσαι
729 2413 848 2494 Πάσχα
875 2419 959 2484 dixit:¹
985 2420 1020 2475 ita
1048 2439 1180 2483 nonnun-

156 2524 237 2579 quam
264 2515 369 2562 eertum
399 2504 519 2565 eiusdem
547 2501 724 2561 hebdomadis
752 2505 823 2562 diem
850 2503 1018 2577 significare,
1048 2515 1084 2563 ut.
1107 2509 1180 2580 apud

157 2591 268 2647 Tertull.
300 2590 346 2647 lib.
375 2590 505 2651 delirat.
536 2588 586 2645 sub
615 2588 713 2645 finem:
743 2589 791 2646 Sia
820 2598 846 2645 et
868 2591 913 2647 die
933 2589 1078 2657 Paschae,
1105 2608 1180 2664 qeue

157 2675 308 2730 eommunis
332 2683 359 2730 et
378 2676 463 2747 quasi
481 2675 601 2746 publiea
622 2675 724 2730 ieiunii
745 2676 845 2746 relipio
868 2681 917 2739 est,
940 2676 1039 2731 mento
1061 2678 1180 2750 deponi·

156 2776 217 2815 mus
240 2761 372 2816 osculum.
409 2759 461 2828 Qui
483 2760 555 2823 dies,
579 2759 730 2816 Parasceue
752 2770 860 2823 saneta,
884 2777 938 2835 qua
959 2760 1097 2820 Passionis
1119 2780 1180 2819 me*

157 2844 242 2901 moria
265 2843 418 2906 celebratur
439 2860 470 2900 ae
481 2835 610 2937 Πάσχα
631 2837 867 2921 σταυράσιμον
871 2861 931 2902 esse
953 2845 1067 2911 videtur,
1092 2847 1180 2904 idem-

157 2946 211 3003 que
232 2928 275 2985 for
278 2937 313 2992 te
337 2946 418 3003 quern
440 2926 551 2985 unicum
573 2928 675 2989 ieiunio
692 2929 763 2989 diem
779 2947 793 2986 a
808 2930 946 2987 nonnullis
962 2931 1080 2987 dinatum
1095 2932 1180 2990 fuisse

156 3015 285 3115 Ιτρσιιτασ
307 3014 341 3069 ad
363 3013 496 3070 Victorem
520 3012 622 3080 scribit,
646 3014 763 3075 Eusebio
781 3023 850 3072 teste
869 3017 896 3079 5
914 3017 969 3082 24:
994 3032 1021 3070 οι
1043 3035 1100 3088 perv
1121 3011 1181 3116 γάρ

78 3158 81 3164 ,
160 3092 275 3157 οἴονται
301 3093 380 3172 μίαν.
404 3091 521 3176 ἡμέραν
543 3094 606 3159 δεῖν,
627 3089 741 3166 αὐτοὺς
762 3094 924 3173 νηστεύειν,
953 3117 981 3155 αι
1004 3092 1038 3154 da
1061 3094 1181 3173 δύο,
1150 3120 1180 3158 σι

158 3178 192 3241 δι’
214 3179 264 3239 καὶ
286 3179 435 3250 πλειονας.

248 3271 367 3326 1105α.
398 3262 479 3324 ἀλλὰ
499 3262 549 3325 καὶ
572 3260 601 3323 αἱ
623 3262 785 3325 σπουδαῖοι
802 3264 922 3341 διπλᾶς]
955 3269 1181 3370 Dionysiushle·

157 3353 303 3411 xandrinus
325 3354 445 3426 Epistola
473 3354 508 3410 ad
530 3352 679 3409 basilideu:
707 3348 769 3409 ἐπεὶ
793 3349 876 3455 puple*
903 3345 959 3420 τάς
986 3345 1021 3423 ἓξ
1042 3356 1105 3410 τῶν
1126 3374 1181 3429 νη-

158 3441 266 3499 στειῶν
286 3428 440 3516 ἦμέρας”
424 3456 506 3509 ισως,
528 3430 643 3512 μηδὲ(
630 3433 745 3510 ομοίως
759 3431 869 3505 πάντες
884 3431 1088 3510 διαμένουσιν.
1112 3432 1178 3495 ttt'

158 3514 190 3577 oi
208 3517 335 3594 parnei
357 3517 458 3590 πάσας
478 3514 830 3599 ὑπτρτιθὲασιν,”ασιτοι
854 3517 1125 3595 demeritorium,
1095 3541 1125 3581 οι
1148 3518 1182 3581 δε

158 3596 277 3675 tirio,
248 3623 276 3662 αι
299 3601 333 3663 δὲ
354 3611 444 3686 τρεῖς,
466 3627 494 3665 αι
486 3602 593 3664 δὲ’
559 3625 720 3686 τισσαρας,
741 3625 769 3665 οι
762 3601 820 3665 ‘lt
835 3600 991 3682 oddrptov.
1012 3609 1181 3684 Epiphanius
