2534 4154
148 303 206 364 142
600 315 714 365 aarum

142 472 350 530 inconstantiam
378 471 507 534 vidimus,
538 469 650 526 candem
673 471 701 526 in
724 469 871 542 Hagarenis
895 478 922 526 et
944 469 1067 527 Arabicis
1089 471 1164 530 hisce

142 558 261 632 periodis
284 559 352 613 seito
376 573 436 611 esse
459 557 639 612 commissam.
668 555 734 610 Nam
756 554 775 610 1.
793 557 811 612 2
835 556 868 610 de
890 555 1002 613 Emead.
1022 560 1121 629 pito
1136 567 1165 617 ct

142 643 196 699 15
219 660 247 715 p.
264 645 335 700 485.
381 641 526 697 Periodum
548 641 715 713 Hagarenam
744 638 777 695 ab
803 657 874 695 anno
897 641 957 713 ipso
981 640 1163 709 confusionis,

142 728 190 802 qui
217 729 338 800 proxime
360 726 410 781 lul.
434 726 549 798 primum
579 726 741 789 antecessit,
771 725 873 781 Arabes
900 726 1045 782 inchoasse
1074 729 1163 794 tradit,

48 837 50 841 ·
142 813 204 868 Per.
227 813 277 868 dui.
302 814 394 869 4668.
439 811 468 867 ln
492 811 561 884 laag.
584 827 649 866 vero
672 811 773 865 Canon.
796 810 850 868 Ι.3
874 813 933 868 cb
957 828 984 883 p.
1003 813 1080 876 235,
1111 814 1165 870 re·-

143 896 213 952 riodi
235 897 317 952 huius
340 896 476 969 Epecham
500 896 612 952 eandem
635 912 696 951 esse
719 895 813 959 docet,
842 912 923 970 quam
946 905 974 951 et
996 897 1166 954 hnuochen·

142 982 213 1037 sinan
236 999 330 1046 aerae,
358 982 410 1038 hoc
434 990 475 1037 est
497 981 531 1036 ab
554 998 624 1036 anno
647 980 734 1053 primo
757 980 928 1036 iionarehiae
950 980 1009 1036 lulii
1031 982 1164 1050 Caesaris,

143 1066 204 1123 Per.
227 1067 277 1123 lul.
301 1069 394 1131 4666,
418 1083 487 1139 quae
509 1064 768 1138 seeum‘perspicue
791 1074 923 1138 pugnant.

228 1152 282 1208 Sed
295 1153 346 1208 his
370 1152 449 1224 nugis
467 1152 584 1214 omissis,
607 1149 777 1205 verisimilius
793 1160 843 1214 est,
867 1150 965 1223 Epiph.
981 1150 1077 1207 saitem
1094 1162 1166 1209 tem·

142 1253 220 1310 pore,
243 1236 345 1293 civilem
368 1237 486 1292 Arabum
511 1253 610 1291 annum
633 1235 755 1290 Soiarem
777 1234 862 1290 inisse
885 1244 912 1290 et
929 1235 996 1300 aliis,
1020 1238 1103 1311 quam
1118 1239 1166 1312 qui

141 1321 223 1394 vulgo
246 1323 476 1386 circunieruntur,
499 1320 654 1376 nominibus
677 1336 784 1376 menses
807 1320 956 1392 appellatos
979 1338 1049 1377 csse.
1093 1323 1167 1379 Sira-

142 1407 249 1479 plicius,
272 1407 313 1463 nti
325 1407 396 1463 Seai.
414 1406 549 1470 observat,
573 1423 588 1461 a
610 1421 672 1461 vere
691 1422 792 1460 annum
806 1421 887 1460 suum
903 1405 1004 1461 Arabes
1020 1407 1166 1465 inchoasse

142 1492 245 1548 scribit.
276 1492 485 1548 Alexandrinum
508 1508 571 1547 vero
595 1489 749 1546 chronicon
770 1507 798 1562 p.
817 1492 875 1547 597
900 1499 977 1546 notat
995 1492 1115 1549 Candido
1138 1503 1167 1550 et

143 1577 279 1645 Quadrato
304 1577 379 1633 Coss.
402 1577 516 1633 Pctrcos
539 1585 567 1632 et
588 1575 746 1640 Bostrenos,
769 1575 815 1648 qui
837 1573 950 1630 Arabiae
972 1577 1067 1649 poptdi
1090 1587 1165 1644 sunt,

141 1661 176 1717 ah
199 1663 252 1718 hoc
273 1656 339 1734 ipso
357 1678 429 1717 anno
451 1669 574 1734 tempora
597 1678 647 1716 sua
668 1677 821 1725 numerare,
845 1660 892 1733 qui
910 1669 952 1716 est
967 1678 1046 1717 aerae
1062 1662 1167 1737 biony·

143 1746 233 1801 sianae
261 1750 328 1810 1θῖ),
353 1747 458 1801 Traiani
480 1747 546 1820 lmp.
571 1753 690 1801 octavus.

227 1825 306 1885 κατὰ
327 1823 543 1896 Καππαδόκας
557 1823 692 1906 >lampasi
715 1822 765 1904 ιγ’]
788 1830 901 1886 Lunaris
923 1829 1007 1902 igitur
1022 1830 1168 1904 Cappado-

143 1932 205 1970 cum
227 1915 327 1970 mensis
351 1914 447 1979 extitit,
472 1915 691 1988 quandoquidem
713 1932 775 1970 cum
805 1915 909 1972 Tebeth
934 1916 1040 1971 ludaico
1063 1933 1167 1973 conra-

143 2001 192 2056 nit.
238 2000 293 2055 lmo
323 2017 388 2055 vcro
410 2009 509 2055 neuter
530 2008 655 2055 accurate
678 2000 790 2055 Lunaris
813 2000 876 2064 tuit,
909 2017 970 2056 cum
992 1999 1169 2058 Noviduniuna

142 2084 261 2141 medium
283 2085 345 2140 Dec.
364 2087 403 2141 26
426 2093 572 2156 competat.
618 2084 707 2151 Quare
729 2084 751 2138 si
773 2085 879 2149 ludaei,
908 2078 969 2141 ἀπὸ
997 2087 1053 2159 τῆς
1073 2080 1167 2144 evad-

142 2166 200 2226 dov
222 2170 382 2226 Neomenias
405 2169 518 2225 civiliter
539 2169 730 2233 deduxissent,
753 2169 808 2225 lan.
832 2170 864 2224 vt
888 2169 995 2225 nonnisi
1018 2170 1062 2225 1111
1086 2188 1168 2228 men·

142 2255 217 2312 sibus
240 2255 409 2311 habuissent.
443 2255 490 2310 Sin
506 2255 580 2329 quod
596 2253 653 2309 aliis
668 2254 779 2326 placuit,
804 2255 843 2310 uti
859 2255 949 2328 gtossa
966 2254 1047 2310 (1.1111
1063 2256 1126 2312 Par.
1138 2259 1165 2314 1.

142 2341 186 2397 lad
209 2342 240 2397 11.
264 2341 447 2397 Mnemonidae
471 2349 601 2404 testatur,
630 2339 775 2396 Neomenia
808 2356 947 2412 nunquam
975 2356 1008 2395 eo
1031 2340 1074 2395 die
1097 2357 1167 2398 coa-

142 2428 245 2491 stituta.
269 2427 297 2483 in
319 2443 401 2500 quem
424 2425 511 2481 blolad
533 2425 678 2488 incideret,
703 2426 845 2480 neomenia
867 2425 971 2481 Tebcth
994 2425 1083 2480 XXVII
1100 2426 1164 2485 lieo.

142 2512 257 2567 Ianuarii
279 2521 369 2568 antem
392 2512 424 2566 VI
447 2512 576 2567 duntaxat
598 2509 739 2566 undecima
767 2510 902 2566 convenit.
947 2510 1017 2566 Scal.
1047 2508 1103 2568 16
1131 2511 1165 2568 de

142 2595 254 2651 Emend.
283 2613 344 2652 cum
373 2597 407 2653 de
434 2613 506 2651 anno
528 2595 614 2652 Natali
637 2594 737 2651 Christi
758 2596 892 2668 disputat,
916 2594 1097 2668 Epiphaniam
1118 2613 1167 2653 re-

142 2680 259 2751 darguit,
295 2680 368 2754 quod
391 2680 496 2736 Tehath
526 2698 576 2755 pro
599 2679 681 2736 Sebat
704 2681 836 2753 posuerit.
881 2680 934 2735 Sed
957 2681 1167 2756 reprehendere,

142 2763 194 2819 dus
223 2764 283 2837 ipse
310 2764 418 2837 potius,
450 2765 496 2839 qui
525 2765 559 2820 ad
588 2773 772 2822 commentum
794 2783 874 2820 suum
897 2765 929 2820 de
954 2763 1088 2838 Galippica
1112 2767 1167 2823 re

141 2848 219 2904 riodn
242 2866 257 2904 a
279 2847 383 2904 ludaeis
407 2857 472 2905 tunc
494 2850 624 2922 temporis
648 2847 789 2905 observata
803 2849 983 2922 Epiphaniam
994 2850 1166 2925 adstringere

141 2932 240 2998 voluit,
269 2933 304 2990 de
326 2950 378 3006 qua
400 2950 431 2989 rc
453 2935 534 3007 paulo
556 2942 619 3007 post
640 2944 751 3006 agetur,
776 2934 803 2989 in
826 2935 1014 3008 Disputatione
1036 2936 1070 2992 de
1092 2936 1166 2994 anno

142 3019 297 3076 bominicae
320 3018 466 3074 Passionis.
511 3019 573 3074 anit
595 3019 639 3074 hie
659 3019 743 3091 igitur
764 3020 866 3074 mensis
889 3019 1010 3085 Tebeth,
1033 3039 1090 3077 non
1112 3022 1167 3078 Sa·

91 3103 223 3169 asabath,
248 3113 275 3161 et
298 3114 340 3161 est
361 3103 471 3159 omnino
494 3102 527 3158 ad
549 3103 682 3159 Iudaicam
704 3103 775 3158 illam
797 3104 942 3160 Periodum
965 3123 1045 3180 quarn
1068 3116 1167 3179 postea

143 3207 176 3246 ex
197 3189 340 3263 Epiphanii
362 3197 453 3245 mente
474 3188 670 3254 describemus,
695 3188 990 3246 accommodatissimus
1013 3191 1057 3248 hic
1076 3191 1165 3248 locus.

141 3274 199 3331 Etsi
228 3276 344 3332 duorum
373 3273 488 3330 aiterum
516 3273 647 3330 accidisse
677 3273 815 3346 suspicor,
851 3283 880 3330 nt
908 3276 950 3331 vcl
977 3268 1017 3331 ιδ’
1046 3293 1097 3350 pro
1127 3269 1165 3353 apl

142 3360 282 3433 scripserit
304 3359 487 3433 Epiphanius,
516 3360 558 3415 vel
588 3359 714 3433 quoniam
744 3359 858 3414 ianuarii
881 3360 902 3412 V
924 3378 974 3433 pro
997 3361 1029 3416 Vl
1058 3362 1166 3434 impru-

142 3444 209 3500 dens
231 3453 423 3518 usurpaverat,
447 3444 480 3507 ad
503 3461 562 3500 eam
585 3444 748 3517 respiciens,
772 3444 828 3500 11111
852 3445 956 3502 Tebeth
978 3445 1164 3519 adscripserit.

142 3528 206 3585 Erat
229 3530 299 3586 caim
322 3548 355 3586 ex
377 3530 506 3586 methodo
534 3540 627 3586 nostra
650 3529 753 3586 Tebeth
770 3530 835 3585 11111.
869 3530 975 3604 Quippe
998 3531 1165 3604 Ogdodcou·

142 3615 385 3672 tatessaraeteridis
413 3632 501 3672 annus
523 3615 575 3672 iste
597 3615 648 3672 tuit
671 3618 727 3681 50,
755 3613 835 3689 Cyeio
858 3615 929 3672 Solis
952 3617 988 3680 9,
1017 3616 1110 3673 Lunae
1137 3619 1162 3682 1,
