2534 4154
466 320 757 372 tuitiiovnnsmnns.
1066 307 1125 367 109

110 478 163 532 naei
187 477 288 532 Graeca
312 475 477 548 praeferunt.
508 477 578 532 Sunt
601 494 631 532 ea
653 494 717 532 vero
741 479 836 551 partim
861 477 1004 540 ethaam,
1028 479 1124 549 partim

109 561 240 617 eVeteris
263 560 420 633 interpretis
436 561 529 616 Latino
553 563 721 617 concinnata.
764 564 841 631 Quod
865 572 1003 635 uteunque
1022 571 1125 617 tentare

107 647 190 703 multo
213 646 375 719 prudentius
398 662 429 700 ac
451 646 601 702 modestius
624 656 666 702 est
688 665 768 719 quani
794 656 896 703 temere
910 656 1016 701 veteres
1032 647 1125 702 Patres

107 732 228 787 inscitiae
250 740 332 802 atque
356 731 456 785 erroris
479 748 603 803 arguere.
647 732 712 798 Quis
735 734 822 788 nescit
845 731 974 787 hebraica
996 732 1126 787 voeabula

106 818 206 872 Graece
235 816 299 870 olim
327 816 442 887 scripta,
473 833 542 889 quae
571 834 602 872 ex
621 817 755 888 origenis
781 817 922 889 Hexaphs,
953 817 1125 890 Ortaplisque

105 903 174 972 apud
198 900 421 973 Chrysostoiniun
445 901 567 972 aliosque
589 901 683 955 Patres
706 901 843 974 leguntur,
868 911 922 957 tam
945 900 977 955 ab
996 901 1125 957 Hebraeis

105 987 206 1041 absona
229 1003 289 1040 esse
312 985 424 1047 utilia,
460 986 509 1040 nisi
534 987 600 1040 haee
624 985 802 1051 haberemus,
832 986 904 1042 nulla
927 987 1035 1058 assequi
1058 985 1143 1042 diii-⁹

105 1072 176 1126 natio
205 1071 335 1144 potuerit.
368 1069 465 1124 Caussa
489 1071 569 1125 huius
592 1071 727 1126 varietatis
751 1081 793 1127 est
815 1071 1006 1126 Hebraiearum
1030 1089 1125 1126 voemn

105 1156 216 1219 diversa,
240 1172 291 1210 nee
313 1154 345 1208 ad
368 1154 479 1209 aliarum
501 1155 653 1227 linguarum
670 1173 748 1210 usum
765 1157 829 1210 satis
846 1155 982 1211 modulata
998 1156 1123 1227 prolatio.

105 1241 162 1309 Quo
192 1240 282 1295 minus
311 1239 435 1294 admirari
464 1241 589 1295 convenit
618 1243 644 1295 in
672 1242 764 1312 paneis
788 1241 838 1295 illis
863 1241 1043 1295 Mareosianae
1067 1241 1126 1296 sor-

105 1325 191 1380 mulae
214 1325 323 1381 vocibus
347 1341 416 1395 pene
440 1342 519 1379 omne
542 1325 648 1379 illarum
672 1326 782 1397 originis
806 1326 946 1397 vestigium
967 1326 1123 1380 extinctum.

189 1412 249 1466 256
267 1427 291 1464 a.
321 1405 449 1464 Μεσσιά
472 1401 620 1485 oiirpnpe'p]
658 1411 730 1465 Nova
753 1411 850 1466 iterum
874 1427 969 1465 vocum
992 1409 1123 1482 prodigia.

106 1496 133 1550 ln
155 1493 255 1567 quibus
279 1494 426 1549 eonhietari
451 1512 539 1566 neque
562 1495 663 1556 otium,
693 1513 782 1569 neque
812 1511 910 1567 operae
933 1495 1049 1567 pretinm
1073 1504 1124 1548 est.

106 1580 180 1652 Apud
204 1581 274 1634 lren.
298 1580 477 1650 lnterpreteni
506 1596 560 1633 non
592 1581 686 1636 eodem
711 1590 792 1652 atque
816 1580 859 1635 hic
883 1579 962 1633 incido
986 1578 1123 1650 leguntur.

107 1664 141 1719 En
162 1681 218 1736 quo
242 1664 390 1736 supplenda
414 1664 484 1735 apud
508 1664 686 1736 Epiphaniam
709 1665 802 1721 rocula
826 1674 868 1720 est
890 1665 916 1719 in
941 1664 1040 1718 Graeca
1063 1681 1125 1717 ier-

107 1748 201 1804 borum
230 1749 463 1820 interpretatione.
509 1749 603 1804 Scribe
633 1750 716 1822 igitur
747 1742 793 1805 Οὐ
818 1745 927 1823 διαιρῶ
950 1741 984 1805 τὸ
1007 1750 1125 1821 πνεῦμα

106 1831 254 1911 Χριστοῦ.

190 1936 251 1991 256
268 1951 291 1989 c.
322 1928 482 2008 μυρίζουσι
506 1928 539 1988 δὲ
562 1932 610 1989 καὶ
636 1927 723 1990 αὐτοὶ
748 1936 791 2014 τῷ
813 1927 981 2013 [bubonum]
1020 1934 1126 1989 ExEc-

108 2020 201 2075 elesiae
225 2018 378 2074 Catholicae
404 2019 472 2082 ritu,
503 2036 584 2091 quem
607 2021 675 2074 simii
700 2020 744 2074 isti
768 2020 929 2076 retinebant.
975 2019 1040 2074 Nam
1064 2028 1125 2092 post

107 2103 267 2178 baptismum
290 2104 383 2176 inungi
407 2103 530 2159 solebant
553 2105 695 2178 Neophyti.
733 2144 738 2157 .

255 2358 298 2412 nb
322 2357 488 2413 ununusm
510 2359 610 2414 xxxvl
634 2356 971 2413 uunncnuorutnuutt.

191 2479 251 2534 263
268 2494 291 2532 c.
322 2467 540 2553 λυτρούμενος]
572 2469 742 2552 Antonione
764 2476 807 2531 iila
830 2476 981 2548 Baptismus
1004 2484 1061 2529 erat
1085 2470 1126 2540 εἰς

108 2553 254 2642 λύτρωσιν
277 2553 444 2638 ἁμαρτιῶν.

191 2666 252 2722 265
269 2664 295 2718 6.
326 2655 472 2738 ἕνεηάγην
494 2658 536 2729 εἰς
549 2650 637 2735 ὕλην]
661 2663 763 2717 Vitioso
780 2661 872 2717 eodioe
888 2679 954 2717 usus
972 2671 1012 2717 est
1028 2660 1124 2735 Epiph

107 2749 168 2805 h'am
192 2737 269 2822 ὕλην
290 2749 361 2804 haud
385 2747 465 2804 dubie
491 2756 650 2821 corruptum
673 2765 723 2821 pro
746 2738 820 2804 ἰλύν.

192 2852 250 2907 267
269 2849 296 2905 h.
328 2841 395 2922 σὴψ
416 2842 474 2926 γὰρ
497 2832 588 2916 οὗτος
610 2842 649 2904 ἂν
671 2844 799 2925 λέγοιτο]
826 2849 893 2921 Seps
917 2848 983 2904 alius
1002 2866 1124 2920 serpens,

107 2935 172 2990 alius
195 2935 305 2990 lacerta.
336 2934 475 2990 Posterior
491 2935 605 2999 Chalcis
629 2934 671 2990 vel
687 2934 845 2999 Chalcidica,
870 2933 942 3006 quod
966 2933 1124 3006 quibusdam

107 3019 182 3076 lineis
212 3020 282 3075 aeris
312 3021 429 3091 speciem
459 3019 617 3092 gerentibus
647 3020 836 3093 distinguatur.
882 3019 919 3073 De
950 3018 1002 3072 hoe
1025 3031 1124 3089 genere

107 3103 227 3178 loquitur
241 3104 422 3177 Epiphanius:
446 3105 518 3160 unde
534 3097 662 3159 Χαλκέα
684 3123 733 3160 vox
755 3114 802 3160 aut
824 3103 856 3158 ab
880 3103 985 3157 erudito
1008 3100 1122 3174 quodam

106 3190 136 3244 ad
159 3207 235 3245 oram
260 3189 364 3244 Codicis
387 3189 527 3253 adnotata,
552 3199 598 3244 aut
621 3207 671 3246 suo
694 3190 754 3245 loeo
777 3197 858 3243 mota.
890 3186 994 3243 Seriem
1017 3185 1124 3257 quidem

106 3274 190 3347 ipsam
215 3274 344 3330 orationis
368 3273 549 3347 interrumpit.
580 3275 633 3328 lam
652 3274 724 3347 quod
739 3272 905 3345 Epiphanius
920 3271 1025 3333 asserit,
1050 3286 1124 3323 inor-

106 3371 165 3414 snm
194 3360 266 3415 haud
295 3358 362 3414 adeo
392 3355 523 3414 exitialem
548 3375 624 3430 esse,
654 3359 702 3414 sed
725 3367 805 3430 sputo
829 3355 977 3419 eonhcere,
1008 3371 1069 3409 rum
1092 3355 1123 3408 iis

106 3460 226 3517 pugnare
255 3443 375 3507 videtur,
406 3461 475 3515 quae
497 3444 608 3499 hristot.
639 3441 747 3503 seribit,
776 3457 869 3496 morsu
893 3457 942 3495 suo
965 3439 1007 3494 vel
1028 3439 1125 3494 interi·

106 3544 178 3584 mere
202 3546 297 3602 sepas,
324 3529 366 3583 vel
389 3528 549 3584 acerrimum
572 3528 694 3583 dolorem
717 3525 847 3598 infligere.
893 3525 930 3580 Ee
953 3533 1034 3597 sputo
1057 3525 1123 3580 nihil

106 3613 176 3686 apud
198 3614 278 3669 alium
300 3613 363 3686 legi.
