2534 4154
141 299 206 363 uon
517 322 522 331 ·
594 310 707 362 murro

131 461 341 547 erumnosus
362 477 486 541 tempore
506 465 649 523 uobiscum
671 467 765 524 sentit.
801 466 991 525 llmeudandus
1012 467 1098 543 igitur
1119 474 1167 528 ent

133 552 255 613 mamm
277 553 397 619 modum,
419 568 501 628 quem
516 568 606 626 supra
628 551 870 608 demonstravimus
892 555 1001 626 psl‘ll.

130 652 147 679 ·-
180 670 184 685 ·
219 631 398 716 ὑαίρβαταν
417 630 597 714 προθέντες]
627 637 710 694 Forte
731 631 928 713 προσθέντες.

151 738 171 767 ¹·
186 751 203 771 v
223 726 285 782 449
301 739 326 779 c.
355 717 406 778 noi
427 718 492 779 ἐκεῖ
507 715 543 779 τὰ
564 714 697 796 Πάσχα]
742 721 812 790 Quid
841 722 887 778 hic
912 720 1013 779 audio‘l
1041 717 1113 794 inei,
1134 722 1165 781 id

136 809 229 869 atriu
251 810 343 874 horto,
366 808 469 864 Pascha
490 804 689 870 manducassel
717 806 826 864 Minime
848 807 875 863 id
897 806 1018 882 quidemr
1041 807 1098 864 Sed
1118 808 1164 866 vet

136 890 201 953 tart
223 894 257 950 ad
284 893 427 967 superiora
453 892 590 966 pertinet,
618 892 661 948 rel
687 892 847 949 traiectione
874 901 971 966 peccet
996 892 1042 949 hic
1071 892 1163 950 locus.

137 979 216 1049 Quod
238 978 362 1035 subiicit:
386 968 441 1033 οὐκ
464 968 570 1044 ἄλλως,
578 969 718 1051 ποιήσας,
743 977 880 1033 Christum
896 985 1015 1043 excusat,
1038 990 1161 1035 curuou

134 1064 256 1138 legitimo
277 1072 402 1136 tempore
423 1061 527 1118 Pascha
548 1062 696 1135 peregerit,
719 1062 793 1134 quod
815 1063 849 1119 nd
869 1061 1009 1136 publicum
1032 1070 1061 1121 et
1083 1071 1179 1120 comi·

135 1164 347 1206 munem-usum
369 1147 574 1204 accommodare
596 1163 626 1203 se
648 1147 783 1203 maluerit.

141 1258 160 1277 ·-
221 1235 283 1292 450
299 1252 323 1288 a.
355 1223 450 1299 εὐθὺς
475 1232 598 1309 πρῶτος
628 1224 841 1303 Οὐαλεντῖνος]
885 1231 957 1288 Haec
986 1248 1018 1288 ex
1046 1231 1165 1291 tremes

134 1335 263 1394 expresse
284 1328 359 1383 suut,
382 1317 430 1392 qui
453 1319 481 1383 2,
499 1318 550 1375 38,
590 1316 791 1373 Valentinianos
813 1316 929 1382 refutat,
953 1316 999 1390 qui
1023 1316 1063 1375 30
1085 1317 1166 1377 heo·

133 1403 365 1476 numeollegium
387 1402 596 1458 hocannorum
613 1401 713 1458 Christi
734 1418 849 1458 numero
872 1400 1028 1458 fulciebant.
1052 1401 1166 1476 Quippe

134 1487 272 1547 Christum
293 1486 455 1544 asserebant
475 1503 546 1544 anuo
559 1487 665 1543 -aetatis
688 1489 727 1545 30
749 1502 960 1561 pessum-esse,
989 1481 1087 1544 mense
1111 1489 1164 1547 12.

133 1572 237 1631 Contra
266 1590 335 1646 quos
364 1589 389 1628 c.
407 1574 445 1630 39
475 1572 659 1637 demonstrat,
688 1571 798 1628 hiennio
828 1579 856 1627 et
884 1570 989 1647 aliquot
1017 1570 1164 1630 mensibus

132 1659 312 1732 praedicasse.
341 1646 524 1731 Posteaquam
538 1657 630 1731 igitur
651 1656 685 1714 de
707 1663 825 1730 utroque
848 1673 929 1722 anuo,
952 1663 1007 1712 tum
1029 1672 1087 1730 quo
1107 1672 1165 1713 na*

132 1752 189 1809 tus,
211 1759 292 1816 quam
314 1759 370 1816 quo
392 1759 489 1814 passus
512 1750 555 1797 est
565 1742 705 1807 Dominus
728 1741 930 1798 accuratissime
952 1741 1161 1814 disputavimus,

132 1836 347 1885 consentaneum
365 1834 416 1891 est,
439 1835 471 1882 ut
486 1827 520 1882 de
536 1826 708 1893 Paschatum,
732 1843 803 1902 quae
817 1835 881 1899 post
894 1825 1062 1899 Baptismum
1078 1825 1174 1883 curs·

131 1919 192 1969 stus
214 1911 290 1975 obiit,
314 1926 428 1966 numero
451 1910 633 1966 difficillimam
656 1913 843 1985 quaestionem
866 1911 1040 1984 explicemus.
1071 1911 1161 1980 Quem

131 2012 184 2053 nos
205 1997 278 2052 hunc
300 1995 390 2068 ipsum
411 1995 551 2051 inlocum
574 1997 672 2052 merito
696 1996 864 2061 distulimus,
892 1994 965 2069 quod
987 2009 1050 2052 curu
1071 2012 1163 2070 supe·

130 2080 197 2137 niori
218 2080 253 2136 de
274 2079 404 2136 Passieno
427 2079 528 2136 Christi
549 2080 732 2153 disputatione
754 2096 876 2137 connexe
906 2089 989 2154 atque
1019 2081 1159 2155 lmphata

130 2164 277 2223 videretur.
1064 2188 1067 2193 ·
1126 2194 1129 2201 ·

141 2298 144 2303 .
194 2296 197 2301 .
217 2248 361 2325 [Sequitur
370 2249 508 2306 Excursus
519 2249 550 2305 ll.
569 2247 642 2317 Quot
656 2251 809 2306 seeundum
819 2249 997 2324 Baptismum
1010 2249 1161 2310 resonata

132 2332 260 2393 Mine
281 2334 386 2392 obierit
407 2333 644 2409 pree-nou]

77 2426 124 2479 209
214 2423 276 2479 450
293 2422 319 2477 d.
350 2412 532 2498 εὑρίσκομεν
553 2413 613 2498 ’γὰρ
636 2413 687 2474 καὶ
710 2413 918 2496 ἕμφερόμενόν
938 2418 1011 2493 nov]
1049 2418 1163 2488 Qurihue

128 2505 161 2562 in·
184 2505 261 2562 libris
289 2506 425 2578 reperisse
452 2506 540 2571 dicat,
569 2504 713 2561 nonsatis
736 2504 864 2562 declarat.
908 2506 949 2562 hn
971 2503 1005 2560 de
1027 2504 1082 2561 hoc
1102 2518 1178 2563 suo·

129 2606 213 2664 opere
235 2590 361 2663 loquitur
380 2590 557 2664 Epiphanius,
591 2590 620 2646 in
636 2606 697 2662 ¹quo
719 2589 892 2646 librariorum
914 2588 1085 2647 oscitantiam
1106 2606 1164 2647 no-

128 2671 226 2731 ceret?
254 2674 409 2731 Verumen
429 2675 462 2730 iis
484 2691 555 2748 quae
578 2683 747 2748 sequuntur,
771 2675 879 2731 ridetur
901 2667 1041 2732 scultro
1064 2674 1161 2733 Chro-

120 2757 282 2830 'uolugicos
312 2759 367 2815 sive
389 2758 540 2817 historicos
562 2760 772 2816 commentarios
795 2761 956 2835 intelligere.
1000 2760 1031 2815 ln
1052 2758 1164 2833 pomus

127 2841 213 2900 sili)
236 2844 352 2915 augusti
374 2860 446 2900 auno
468 2853 562 2900 natum
583 2843 749 2901 salvatorem
772 2861 834 2901 esse
856 2844 1074 2918 proditum-luit,
1098 2861 1158 2903 uon

126 2927 196 2987 adso
222 2943 319 2984 mcens
347 2935 390 2985 est
416 2926 462 2984 illa
484 2928 591 2985 llekerh
618 2929 733 2987 assertio
762 2945 832 3003 quae
856 2947 919 2987 eum
939 2930 1030 3005 ipsum
1052 2944 1159 2989 aunum

126 3020 238 3075 tuetur..
1099 3029 1102 3036 ·

141 3116 183 3149 ην
198 3098 276 3155 =451=
291 3114 315 3152 a.
346 3087 463 3174 φάσκει·
477 3089 536 3174 γὰρ
556 3085 605 3154 ὅτι
627 3088 688 3175 πρὸ
713 3091 789 3154 δέκα
814 3089 870 3154 δύο
893 3092 1055 3156 καλανδῶν
1071 3089 1163 3156 'Ion--

125 3176 200 3240 λίων
216 3175 246 3258 ἢ
272 3174 408 3238 Ἰουνίαν
434 3174 492 3237 οὐκ
521 3177 580 3256 ijgm
612 3175 718 3258 λέγειν]
763 3182 910 3241 llendosus
939 3183 1036 3259 procul
1067 3183 1159 3243 dotto

124 3267 178 3325 iste
210 3267 288 3325 locus
317 3276 368 3324 est
413 3267 507 3341 Nepte
537 3267 618 3334 euim,
647 3267 761 3342 opinor,
796 3268 956 3326 asserebant
989 3269 1044 3334 illi,
1077 3268 1174 3344 apud·

124 3364 196 3426 ques
229 3352 435 3426 quadragesimo
462 3352 578 3426 Augusti
610 3368 682 3408 anuo
715 3361 808 3410 natum
835 3354 1003 3411 salvatorem
1035 3355 1153 3429 reperit,

72 3435 245 3496 urcundum
278 3437 337 3494 eius
356 3437 414 3494 .llll
441 3436 554 3494 Kalend.
584 3438 689 3503 lunias,
723 3439 765 3494 vel
795 3440 887 3496 lulias'
910 3439 1063 3505 cecidisses
1089 3439 1153 3505 sed,

123 3523 324 3595 marequemis
357 3523 569 3589 demonstrent,
594 3522 628 3580 de
662 3522 854 3597 Conceptiouis
882 3523 927 3582 die
955 3524 1040 3581 locuti
1073 3532 1160 3581 sunt.¹

124 3605 214 3676 uem
248 3607 448 3665 restituendum
483 3605 596 3667 verhum
632 3615 675 3666 est
712 3603 914 3688 συνελήφθη,
957 3606 1031 3685 quod
1069 3609 1155 3684 culp·
