<?xml version="1.0" encoding="UTF-8"?>
<!DOCTYPE html PUBLIC "-//W3C//DTD XHTML 1.0 Transitional//EN"
    "http://www.w3.org/TR/xhtml1/DTD/xhtml1-transitional.dtd">
<html xmlns="http://www.w3.org/1999/xhtml" xml:lang="en" lang="en">
 <head>
  <title>
</title>
<meta http-equiv="Content-Type" content="text/html;charset=utf-8" />
  <meta name='ocr-system' content='tesseract 3.04.00' />
  <meta name='ocr-capabilities' content='ocr_page ocr_carea ocr_par ocr_line ocrx_word'/>
</head>
<body>
  <div class='ocr_page' id='page_1' title='image "./epiphaniiepisco00epipgoog_0372.png"; bbox 0 0 2534 4154; ppageno 0'>
   <div class='ocr_carea' id='block_1_1' title="bbox 471 320 1127 386">
    <p class='ocr_par' dir='ltr' id='par_1_1' title="bbox 471 320 1127 386">
     <span class='ocr_line' id='line_1_1' title="bbox 471 320 1127 386; baseline -0.002 -2"><span class='ocrx_word' id='word_1_1' title='bbox 471 334 761 386; x_wconf 82' lang='lat' dir='ltr'>sutusotaasroues.</span> <span class='ocrx_word' id='word_1_2' title='bbox 1024 333 1027 341; x_wconf 89' lang='lat'><em>·</em></span> <span class='ocrx_word' id='word_1_3' title='bbox 1065 320 1127 384; x_wconf 77' lang='lat' dir='ltr'>aaa</span> 
     </span>
    </p>
   </div>
   <div class='ocr_carea' id='block_1_2' title="bbox 78 474 1187 3711">
    <p class='ocr_par' dir='ltr' id='par_1_2' title="bbox 108 474 1130 648">
     <span class='ocr_line' id='line_1_2' title="bbox 108 474 1130 565; baseline 0.002 -20"><span class='ocrx_word' id='word_1_4' title='bbox 108 489 239 563; x_wconf 77' lang='lat' dir='ltr'>Cyrilbun</span> <span class='ocrx_word' id='word_1_5' title='bbox 268 488 330 544; x_wconf 92' lang='lat' dir='ltr'>odio</span> <span class='ocrx_word' id='word_1_6' title='bbox 360 504 423 544; x_wconf 85' lang='lat' dir='ltr'>sese</span> <span class='ocrx_word' id='word_1_7' title='bbox 449 474 484 544; x_wconf 87' lang='lat' dir='ltr'>ad</span> <span class='ocrx_word' id='word_1_8' title='bbox 505 490 631 546; x_wconf 78' lang='lat' dir='ltr'>Acacium</span> <span class='ocrx_word' id='word_1_9' title='bbox 659 491 833 564; x_wconf 69' lang='lat' dir='ltr'>aggregavit,</span> <span class='ocrx_word' id='word_1_10' title='bbox 857 507 974 564; x_wconf 91' lang='lat' dir='ltr'>quocum</span> <span class='ocrx_word' id='word_1_11' title='bbox 1002 491 1130 565; x_wconf 70' lang='lat' dir='ltr'>Cyrillunr</span> 
     </span>
     <span class='ocr_line' id='line_1_3' title="bbox 108 572 766 648; baseline 0.002 -18"><span class='ocrx_word' id='word_1_12' title='bbox 108 572 383 646; x_wconf 76' lang='lat' dir='ltr'>Hierosolymitanum</span> <span class='ocrx_word' id='word_1_13' title='bbox 406 572 439 628; x_wconf 88' lang='lat' dir='ltr'>de</span> <span class='ocrx_word' id='word_1_14' title='bbox 461 573 623 648; x_wconf 75' lang='lat' dir='ltr'>Episcopatu</span> <span class='ocrx_word' id='word_1_15' title='bbox 647 574 766 632; x_wconf 84' lang='lat' dir='ltr'>dimovit.</span> 
     </span>
    </p>

    <p class='ocr_par' dir='ltr' id='par_1_3' title="bbox 106 649 1130 986">
     <span class='ocr_line' id='line_1_4' title="bbox 197 649 1130 736; baseline -0.001 -19"><span class='ocrx_word' id='word_1_16' title='bbox 197 661 256 717; x_wconf 81' lang='lat'>872</span> <span class='ocrx_word' id='word_1_17' title='bbox 272 657 300 713; x_wconf 91' lang='lat' dir='ltr'>b.</span> <span class='ocrx_word' id='word_1_18' title='bbox 332 649 361 713; x_wconf 85' lang='lat' dir='ltr'>oi</span> <span class='ocrx_word' id='word_1_19' title='bbox 382 649 582 726; x_wconf 73' lang='grc' dir='ltr'>συνελθόντες</span> <span class='ocrx_word' id='word_1_20' title='bbox 603 655 772 732; x_wconf 71' lang='grc' dir='ltr'><strong><em>ἐπίσκοποι]</em></strong></span> <span class='ocrx_word' id='word_1_21' title='bbox 804 659 842 715; x_wconf 89' lang='lat' dir='ltr'>be</span> <span class='ocrx_word' id='word_1_22' title='bbox 864 659 1032 736; x_wconf 75' lang='lat' dir='ltr'>Seleuciensi</span> <span class='ocrx_word' id='word_1_23' title='bbox 1055 659 1130 717; x_wconf 77' lang='lat' dir='ltr'>Eon-</span> 
     </span>
     <span class='ocr_line' id='line_1_5' title="bbox 107 737 1129 818; baseline 0.003 -18"><span class='ocrx_word' id='word_1_24' title='bbox 107 742 251 808; x_wconf 88' lang='lat' dir='ltr'>ciliabulo,</span> <span class='ocrx_word' id='word_1_25' title='bbox 280 744 354 816; x_wconf 90' lang='lat' dir='ltr'>quod</span> <span class='ocrx_word' id='word_1_26' title='bbox 375 743 552 799; x_wconf 77' lang='lat' dir='ltr'>Ariminensis</span> <span class='ocrx_word' id='word_1_27' title='bbox 574 737 738 818; x_wconf 78' lang='grc' dir='ltr'><em>ἀντίμιμον</em></span> <span class='ocrx_word' id='word_1_28' title='bbox 759 744 876 817; x_wconf 88' lang='lat' dir='ltr'>appellat</span> <span class='ocrx_word' id='word_1_29' title='bbox 898 745 1041 810; x_wconf 73' lang='lat' dir='ltr'>Socrates,</span> <span class='ocrx_word' id='word_1_30' title='bbox 1069 746 1129 803; x_wconf 85' lang='lat' dir='ltr'>uide</span> 
     </span>
     <span class='ocr_line' id='line_1_6' title="bbox 106 829 1130 902; baseline 0.002 -17"><span class='ocrx_word' id='word_1_31' title='bbox 106 845 170 885; x_wconf 88' lang='lat' dir='ltr'>crrrn</span> <span class='ocrx_word' id='word_1_32' title='bbox 193 829 333 885; x_wconf 81' lang='lat' dir='ltr'><strong>Socratem</strong></span> <span class='ocrx_word' id='word_1_33' title='bbox 355 829 452 901; x_wconf 87' lang='lat' dir='ltr'>ipsum.</span> <span class='ocrx_word' id='word_1_34' title='bbox 477 837 534 884; x_wconf 86' lang='lat' dir='ltr'>turn</span> <span class='ocrx_word' id='word_1_35' title='bbox 556 830 676 902; x_wconf 89' lang='lat' dir='ltr'>reliquos</span> <span class='ocrx_word' id='word_1_36' title='bbox 699 846 794 885; x_wconf 88' lang='lat' dir='ltr'>omncs</span> <span class='ocrx_word' id='word_1_37' title='bbox 809 829 1060 886; x_wconf 87' lang='lat' dir='ltr'>Ecclesiasticarurn</span> <span class='ocrx_word' id='word_1_38' title='bbox 1082 848 1130 887; x_wconf 88' lang='lat' dir='ltr'>re-</span> 
     </span>
     <span class='ocr_line' id='line_1_7' title="bbox 108 913 568 986; baseline 0 -16"><span class='ocrx_word' id='word_1_39' title='bbox 108 932 170 970; x_wconf 88' lang='lat' dir='ltr'>rum</span> <span class='ocrx_word' id='word_1_40' title='bbox 193 923 220 970; x_wconf 87' lang='lat' dir='ltr'>et</span> <span class='ocrx_word' id='word_1_41' title='bbox 241 913 381 969; x_wconf 79' lang='lat' dir='ltr'><strong>Annalium</strong></span> <span class='ocrx_word' id='word_1_42' title='bbox 405 914 568 986; x_wconf 76' lang='lat' dir='ltr'>Scriptores.</span> 
     </span>
    </p>

    <p class='ocr_par' dir='ltr' id='par_1_4' title="bbox 108 998 1130 1241">
     <span class='ocr_line' id='line_1_8' title="bbox 195 998 1130 1073; baseline 0 -18"><span class='ocrx_word' id='word_1_43' title='bbox 195 999 332 1055; x_wconf 80' lang='lat' dir='ltr'>Celebrate</span> <span class='ocrx_word' id='word_1_44' title='bbox 356 1007 398 1055; x_wconf 89' lang='lat' dir='ltr'>est</span> <span class='ocrx_word' id='word_1_45' title='bbox 420 998 600 1054; x_wconf 85' lang='lat' dir='ltr'>Seleuciensis</span> <span class='ocrx_word' id='word_1_46' title='bbox 623 999 749 1073; x_wconf 84' lang='lat' dir='ltr'>Synodus</span> <span class='ocrx_word' id='word_1_47' title='bbox 772 1009 842 1055; x_wconf 87' lang='lat' dir='ltr'>anno</span> <span class='ocrx_word' id='word_1_48' title='bbox 866 999 966 1056; x_wconf 85' lang='lat' dir='ltr'>Christi</span> <span class='ocrx_word' id='word_1_49' title='bbox 980 1002 1049 1064; x_wconf 81' lang='lat'>359,</span> <span class='ocrx_word' id='word_1_50' title='bbox 1073 999 1130 1055; x_wconf 90' lang='lat' dir='ltr'>En-</span> 
     </span>
     <span class='ocr_line' id='line_1_9' title="bbox 108 1082 1129 1157; baseline 0.001 -18"><span class='ocrx_word' id='word_1_51' title='bbox 108 1083 187 1139; x_wconf 86' lang='lat' dir='ltr'>sebio</span> <span class='ocrx_word' id='word_1_52' title='bbox 210 1092 238 1139; x_wconf 89' lang='lat' dir='ltr'>et</span> <span class='ocrx_word' id='word_1_53' title='bbox 254 1083 367 1157; x_wconf 76' lang='lat' dir='ltr'>Hypatio</span> <span class='ocrx_word' id='word_1_54' title='bbox 384 1083 459 1138; x_wconf 85' lang='lat' dir='ltr'>Coss.</span> <span class='ocrx_word' id='word_1_55' title='bbox 483 1101 574 1140; x_wconf 89' lang='lat' dir='ltr'>coram</span> <span class='ocrx_word' id='word_1_56' title='bbox 590 1084 713 1140; x_wconf 90' lang='lat' dir='ltr'>banricio</span> <span class='ocrx_word' id='word_1_57' title='bbox 729 1093 756 1140; x_wconf 90' lang='lat' dir='ltr'>et</span> <span class='ocrx_word' id='word_1_58' title='bbox 771 1082 860 1139; x_wconf 88' lang='lat' dir='ltr'>beona</span> <span class='ocrx_word' id='word_1_59' title='bbox 878 1084 1036 1150; x_wconf 82' lang='lat' dir='ltr'>Comitibus,</span> <span class='ocrx_word' id='word_1_60' title='bbox 1060 1102 1129 1157; x_wconf 86' lang='lat' dir='ltr'>quos</span> 
     </span>
     <span class='ocr_line' id='line_1_10' title="bbox 108 1167 1130 1241; baseline 0.001 -16"><span class='ocrx_word' id='word_1_61' title='bbox 108 1168 135 1225; x_wconf 91' lang='lat' dir='ltr'>ei</span> <span class='ocrx_word' id='word_1_62' title='bbox 157 1169 335 1225; x_wconf 89' lang='lat' dir='ltr'>moderandae</span> <span class='ocrx_word' id='word_1_63' title='bbox 355 1167 528 1224; x_wconf 83' lang='lat' dir='ltr'>Constantius</span> <span class='ocrx_word' id='word_1_64' title='bbox 551 1170 727 1241; x_wconf 83' lang='lat' dir='ltr'>praefecerat.</span> <span class='ocrx_word' id='word_1_65' title='bbox 758 1168 863 1224; x_wconf 85' lang='lat' dir='ltr'>Primus</span> <span class='ocrx_word' id='word_1_66' title='bbox 886 1186 1031 1224; x_wconf 86' lang='lat' dir='ltr'>consessus</span> <span class='ocrx_word' id='word_1_67' title='bbox 1055 1170 1130 1226; x_wconf 89' lang='lat' dir='ltr'>cale-</span> 
     </span>
    </p>

    <p class='ocr_par' dir='ltr' id='par_1_5' title="bbox 78 1242 1187 3275">
     <span class='ocr_line' id='line_1_11' title="bbox 78 1242 1128 1326; baseline 0.001 -17"><span class='ocrx_word' id='word_1_68' title='bbox 78 1299 81 1302; x_wconf 26' lang='lat'>,</span> <span class='ocrx_word' id='word_1_69' title='bbox 107 1253 203 1309; x_wconf 79' lang='lat' dir='ltr'>bratus</span> <span class='ocrx_word' id='word_1_70' title='bbox 225 1263 267 1311; x_wconf 90' lang='lat' dir='ltr'>est</span> <span class='ocrx_word' id='word_1_71' title='bbox 289 1253 364 1326; x_wconf 89' lang='lat' dir='ltr'>Sept.</span> <span class='ocrx_word' id='word_1_72' title='bbox 383 1256 432 1317; x_wconf 79' lang='lat'>27,</span> <span class='ocrx_word' id='word_1_73' title='bbox 457 1270 511 1326; x_wconf 90' lang='lat' dir='ltr'>quo</span> <span class='ocrx_word' id='word_1_74' title='bbox 534 1242 576 1309; x_wconf 78' lang='lat' dir='ltr'>alie</span> <span class='ocrx_word' id='word_1_75' title='bbox 598 1255 788 1310; x_wconf 87' lang='lat' dir='ltr'>altercationes</span> <span class='ocrx_word' id='word_1_76' title='bbox 811 1253 968 1318; x_wconf 82' lang='lat' dir='ltr'>extiterunt,</span> <span class='ocrx_word' id='word_1_77' title='bbox 990 1254 1061 1326; x_wconf 89' lang='lat' dir='ltr'>quod</span> <span class='ocrx_word' id='word_1_78' title='bbox 1085 1254 1128 1310; x_wconf 85' lang='lat' dir='ltr'>iu·</span> 
     </span>
     <span class='ocr_line' id='line_1_12' title="bbox 107 1338 1130 1411; baseline 0 -17"><span class='ocrx_word' id='word_1_79' title='bbox 107 1338 191 1394; x_wconf 86' lang='lat' dir='ltr'>berte</span> <span class='ocrx_word' id='word_1_80' title='bbox 206 1339 295 1393; x_wconf 88' lang='lat' dir='ltr'>beona</span> <span class='ocrx_word' id='word_1_81' title='bbox 319 1346 348 1394; x_wconf 91' lang='lat' dir='ltr'>ut</span> <span class='ocrx_word' id='word_1_82' title='bbox 371 1339 403 1393; x_wconf 90' lang='lat' dir='ltr'>de</span> <span class='ocrx_word' id='word_1_83' title='bbox 425 1338 479 1393; x_wconf 83' lang='lat' dir='ltr'>side</span> <span class='ocrx_word' id='word_1_84' title='bbox 501 1339 663 1395; x_wconf 87' lang='lat' dir='ltr'>sententiam</span> <span class='ocrx_word' id='word_1_85' title='bbox 687 1339 798 1404; x_wconf 83' lang='lat' dir='ltr'>ferrent,</span> <span class='ocrx_word' id='word_1_86' title='bbox 822 1347 954 1411; x_wconf 80' lang='lat' dir='ltr'>negarent</span> <span class='ocrx_word' id='word_1_87' title='bbox 971 1338 1130 1394; x_wconf 84' lang='lat' dir='ltr'>absentibus</span> 
     </span>
     <span class='ocr_line' id='line_1_13' title="bbox 107 1422 1130 1498; baseline 0.002 -20"><span class='ocrx_word' id='word_1_88' title='bbox 107 1423 215 1487; x_wconf 80' lang='lat' dir='ltr'>basilio,</span> <span class='ocrx_word' id='word_1_89' title='bbox 240 1423 410 1488; x_wconf 78' lang='lat' dir='ltr'>Macedonio,</span> <span class='ocrx_word' id='word_1_90' title='bbox 434 1424 591 1497; x_wconf 87' lang='lat' dir='ltr'>Patropbilo</span> <span class='ocrx_word' id='word_1_91' title='bbox 614 1441 645 1480; x_wconf 90' lang='lat' dir='ltr'>ac</span> <span class='ocrx_word' id='word_1_92' title='bbox 668 1426 798 1488; x_wconf 87' lang='lat' dir='ltr'>caeteris,</span> <span class='ocrx_word' id='word_1_93' title='bbox 827 1422 874 1498; x_wconf 91' lang='lat' dir='ltr'>qui</span> <span class='ocrx_word' id='word_1_94' title='bbox 896 1423 965 1479; x_wconf 89' lang='lat' dir='ltr'>male</span> <span class='ocrx_word' id='word_1_95' title='bbox 988 1423 1039 1479; x_wconf 91' lang='lat' dir='ltr'>sibi</span> <span class='ocrx_word' id='word_1_96' title='bbox 1061 1440 1130 1480; x_wconf 91' lang='lat' dir='ltr'>con-</span> 
     </span>
     <span class='ocr_line' id='line_1_14' title="bbox 107 1506 1131 1582; baseline -0.002 -18"><span class='ocrx_word' id='word_1_97' title='bbox 107 1506 157 1564; x_wconf 88' lang='lat' dir='ltr'>scii</span> <span class='ocrx_word' id='word_1_98' title='bbox 180 1516 236 1563; x_wconf 85' lang='lat' dir='ltr'>tunt</span> <span class='ocrx_word' id='word_1_99' title='bbox 260 1508 381 1572; x_wconf 88' lang='lat' dir='ltr'>aberant,</span> <span class='ocrx_word' id='word_1_100' title='bbox 405 1509 548 1581; x_wconf 86' lang='lat' dir='ltr'>quicquam</span> <span class='ocrx_word' id='word_1_101' title='bbox 570 1526 654 1582; x_wconf 88' lang='lat' dir='ltr'>posse</span> <span class='ocrx_word' id='word_1_102' title='bbox 676 1508 795 1565; x_wconf 90' lang='lat' dir='ltr'>decerni.</span> <span class='ocrx_word' id='word_1_103' title='bbox 826 1508 878 1563; x_wconf 91' lang='lat' dir='ltr'>Sed</span> <span class='ocrx_word' id='word_1_104' title='bbox 894 1508 1012 1564; x_wconf 83' lang='lat' dir='ltr'>instante</span> <span class='ocrx_word' id='word_1_105' title='bbox 1028 1507 1131 1562; x_wconf 84' lang='lat' dir='ltr'>nihilo·</span> 
     </span>
     <span class='ocr_line' id='line_1_15' title="bbox 106 1591 1130 1666; baseline -0.002 -17"><span class='ocrx_word' id='word_1_106' title='bbox 106 1593 197 1649; x_wconf 87' lang='lat' dir='ltr'>minus</span> <span class='ocrx_word' id='word_1_107' title='bbox 215 1594 314 1656; x_wconf 81' lang='lat' dir='ltr'>Leone,</span> <span class='ocrx_word' id='word_1_108' title='bbox 338 1610 399 1648; x_wconf 90' lang='lat' dir='ltr'>cnm</span> <span class='ocrx_word' id='word_1_109' title='bbox 423 1594 455 1649; x_wconf 91' lang='lat' dir='ltr'>de</span> <span class='ocrx_word' id='word_1_110' title='bbox 478 1594 648 1665; x_wconf 89' lang='lat' dir='ltr'>quibusdam,</span> <span class='ocrx_word' id='word_1_111' title='bbox 673 1594 718 1666; x_wconf 93' lang='lat' dir='ltr'>qui</span> <span class='ocrx_word' id='word_1_112' title='bbox 741 1593 860 1650; x_wconf 86' lang='lat' dir='ltr'>accusati</span> <span class='ocrx_word' id='word_1_113' title='bbox 883 1601 969 1658; x_wconf 89' lang='lat' dir='ltr'>erant,</span> <span class='ocrx_word' id='word_1_114' title='bbox 992 1591 1130 1664; x_wconf 86' lang='lat' dir='ltr'>cognitio·</span> 
     </span>
     <span class='ocr_line' id='line_1_16' title="bbox 108 1677 1129 1752; baseline 0 -19"><span class='ocrx_word' id='word_1_115' title='bbox 108 1694 171 1734; x_wconf 91' lang='lat' dir='ltr'>nem</span> <span class='ocrx_word' id='word_1_116' title='bbox 194 1677 344 1733; x_wconf 88' lang='lat' dir='ltr'>babendum</span> <span class='ocrx_word' id='word_1_117' title='bbox 367 1687 429 1733; x_wconf 87' lang='lat' dir='ltr'>anta</span> <span class='ocrx_word' id='word_1_118' title='bbox 444 1679 571 1752; x_wconf 86' lang='lat' dir='ltr'>Episcopi</span> <span class='ocrx_word' id='word_1_119' title='bbox 594 1687 746 1734; x_wconf 87' lang='lat' dir='ltr'>statuerent</span> <span class='ocrx_word' id='word_1_120' title='bbox 768 1694 848 1751; x_wconf 90' lang='lat' dir='ltr'>quam</span> <span class='ocrx_word' id='word_1_121' title='bbox 871 1678 905 1733; x_wconf 89' lang='lat' dir='ltr'>de</span> <span class='ocrx_word' id='word_1_122' title='bbox 927 1677 988 1733; x_wconf 78' lang='lat' dir='ltr'>dalei</span> <span class='ocrx_word' id='word_1_123' title='bbox 1016 1678 1129 1750; x_wconf 85' lang='lat' dir='ltr'>dogma·</span> 
     </span>
     <span class='ocr_line' id='line_1_17' title="bbox 107 1762 1128 1836; baseline 0.001 -19"><span class='ocrx_word' id='word_1_124' title='bbox 107 1762 181 1818; x_wconf 90' lang='lat' dir='ltr'>tibus</span> <span class='ocrx_word' id='word_1_125' title='bbox 216 1771 344 1833; x_wconf 84' lang='lat' dir='ltr'>ageretur</span> <span class='ocrx_word' id='word_1_126' title='bbox 377 1763 469 1826; x_wconf 82' lang='lat' dir='ltr'>ldelsti</span> <span class='ocrx_word' id='word_1_127' title='bbox 499 1763 569 1819; x_wconf 91' lang='lat' dir='ltr'>enim</span> <span class='ocrx_word' id='word_1_128' title='bbox 604 1771 681 1818; x_wconf 90' lang='lat' dir='ltr'>erant</span> <span class='ocrx_word' id='word_1_129' title='bbox 711 1763 823 1836; x_wconf 82' lang='lat' dir='ltr'>Cyrillus</span> <span class='ocrx_word' id='word_1_130' title='bbox 857 1763 1128 1836; x_wconf 73' lang='lat' dir='ltr'>Hierosolymitanus,</span> 
     </span>
     <span class='ocr_line' id='line_1_18' title="bbox 105 1847 1128 1921; baseline 0.001 -18"><span class='ocrx_word' id='word_1_131' title='bbox 105 1848 263 1903; x_wconf 86' lang='lat' dir='ltr'>Eustathius</span> <span class='ocrx_word' id='word_1_132' title='bbox 287 1847 453 1904; x_wconf 87' lang='lat' dir='ltr'>Sebastenns</span> <span class='ocrx_word' id='word_1_133' title='bbox 476 1856 503 1904; x_wconf 89' lang='lat' dir='ltr'>et</span> <span class='ocrx_word' id='word_1_134' title='bbox 525 1849 568 1904; x_wconf 89' lang='lat' dir='ltr'>elii</span> <span class='ocrx_word' id='word_1_135' title='bbox 591 1849 725 1911; x_wconf 71' lang='lat' dir='ltr'>nonnulli)</span> <span class='ocrx_word' id='word_1_136' title='bbox 755 1848 868 1921; x_wconf 86' lang='lat' dir='ltr'>pervicit</span> <span class='ocrx_word' id='word_1_137' title='bbox 890 1849 997 1904; x_wconf 89' lang='lat' dir='ltr'>tandem</span> <span class='ocrx_word' id='word_1_138' title='bbox 1021 1848 1128 1913; x_wconf 79' lang='lat' dir='ltr'>(lomes,</span> 
     </span>
     <span class='ocr_line' id='line_1_19' title="bbox 105 1932 1129 2006; baseline 0.004 -19"><span class='ocrx_word' id='word_1_139' title='bbox 105 1941 138 1988; x_wconf 91' lang='lat' dir='ltr'>ut</span> <span class='ocrx_word' id='word_1_140' title='bbox 159 1932 193 1987; x_wconf 90' lang='lat' dir='ltr'>de</span> <span class='ocrx_word' id='word_1_141' title='bbox 215 1932 267 1988; x_wconf 84' lang='lat' dir='ltr'>lide</span> <span class='ocrx_word' id='word_1_142' title='bbox 290 1934 473 2005; x_wconf 88' lang='lat' dir='ltr'>quaerendum</span> <span class='ocrx_word' id='word_1_143' title='bbox 496 1936 571 2006; x_wconf 90' lang='lat' dir='ltr'>prius</span> <span class='ocrx_word' id='word_1_144' title='bbox 594 1951 653 1989; x_wconf 89' lang='lat' dir='ltr'>esse</span> <span class='ocrx_word' id='word_1_145' title='bbox 677 1933 821 1989; x_wconf 84' lang='lat' dir='ltr'>videretur.</span> <span class='ocrx_word' id='word_1_146' title='bbox 852 1932 892 1988; x_wconf 91' lang='lat' dir='ltr'>lbi</span> <span class='ocrx_word' id='word_1_147' title='bbox 914 1934 1010 2000; x_wconf 81' lang='lat' dir='ltr'>drucio</span> <span class='ocrx_word' id='word_1_148' title='bbox 1034 1950 1129 1991; x_wconf 82' lang='lat' dir='ltr'>novant</span> 
     </span>
     <span class='ocr_line' id='line_1_20' title="bbox 105 2016 1187 2094; baseline 0.001 -21"><span class='ocrx_word' id='word_1_149' title='bbox 105 2016 168 2073; x_wconf 80' lang='lat' dir='ltr'>fidei</span> <span class='ocrx_word' id='word_1_150' title='bbox 191 2016 333 2073; x_wconf 75' lang='lat' dir='ltr'>formulam</span> <span class='ocrx_word' id='word_1_151' title='bbox 356 2027 383 2073; x_wconf 90' lang='lat' dir='ltr'>et</span> <span class='ocrx_word' id='word_1_152' title='bbox 410 2018 540 2075; x_wconf 88' lang='lat' dir='ltr'>Nicaenae</span> <span class='ocrx_word' id='word_1_153' title='bbox 564 2019 672 2092; x_wconf 87' lang='lat' dir='ltr'>penitus</span> <span class='ocrx_word' id='word_1_154' title='bbox 688 2020 850 2075; x_wconf 85' lang='lat' dir='ltr'>contrariam</span> <span class='ocrx_word' id='word_1_155' title='bbox 866 2018 991 2075; x_wconf 83' lang='lat' dir='ltr'>offerenti</span> <span class='ocrx_word' id='word_1_156' title='bbox 1005 2016 1130 2075; x_wconf 88' lang='lat' dir='ltr'>Silvanus</span> <span class='ocrx_word' id='word_1_157' title='bbox 1172 2069 1187 2094; x_wconf 40' lang='lat'>⁸</span> 
     </span>
     <span class='ocr_line' id='line_1_21' title="bbox 106 2094 1129 2175; baseline 0 -17"><span class='ocrx_word' id='word_1_158' title='bbox 106 2102 262 2175; x_wconf 84' lang='lat' dir='ltr'>caeterique</span> <span class='ocrx_word' id='word_1_159' title='bbox 284 2094 441 2160; x_wconf 88' lang='lat' dir='ltr'>Samiariani</span> <span class='ocrx_word' id='word_1_160' title='bbox 470 2105 705 2160; x_wconf 85' lang='lat' dir='ltr'>vehementissime</span> <span class='ocrx_word' id='word_1_161' title='bbox 734 2104 903 2160; x_wconf 89' lang='lat' dir='ltr'>restiterunt.</span> <span class='ocrx_word' id='word_1_162' title='bbox 949 2105 1037 2171; x_wconf 82' lang='lat' dir='ltr'>Quare</span> <span class='ocrx_word' id='word_1_163' title='bbox 1060 2106 1129 2159; x_wconf 78' lang='lat' dir='ltr'>dca-</span> 
     </span>
     <span class='ocr_line' id='line_1_22' title="bbox 107 2182 1129 2261; baseline 0 -19"><span class='ocrx_word' id='word_1_164' title='bbox 107 2187 191 2243; x_wconf 88' lang='lat' dir='ltr'>cianis</span> <span class='ocrx_word' id='word_1_165' title='bbox 213 2188 275 2242; x_wconf 92' lang='lat' dir='ltr'>inde</span> <span class='ocrx_word' id='word_1_166' title='bbox 298 2188 426 2261; x_wconf 83' lang='lat' dir='ltr'>digressis</span> <span class='ocrx_word' id='word_1_167' title='bbox 448 2188 516 2244; x_wconf 89' lang='lat' dir='ltr'>lecta</span> <span class='ocrx_word' id='word_1_168' title='bbox 541 2199 583 2245; x_wconf 89' lang='lat' dir='ltr'>est</span> <span class='ocrx_word' id='word_1_169' title='bbox 604 2190 772 2245; x_wconf 77' lang='lat' dir='ltr'>Antiocheae</span> <span class='ocrx_word' id='word_1_170' title='bbox 795 2182 924 2254; x_wconf 72' lang='grc' dir='ltr'>ἕκθεστς.</span> <span class='ocrx_word' id='word_1_171' title='bbox 968 2188 1053 2256; x_wconf 81' lang='lat' dir='ltr'>Quam</span> <span class='ocrx_word' id='word_1_172' title='bbox 1076 2204 1129 2260; x_wconf 88' lang='lat' dir='ltr'>po-</span> 
     </span>
     <span class='ocr_line' id='line_1_23' title="bbox 106 2273 1128 2344; baseline -0.002 -15"><span class='ocrx_word' id='word_1_173' title='bbox 106 2273 201 2329; x_wconf 88' lang='lat' dir='ltr'>stridie</span> <span class='ocrx_word' id='word_1_174' title='bbox 223 2273 250 2327; x_wconf 92' lang='lat' dir='ltr'>in</span> <span class='ocrx_word' id='word_1_175' title='bbox 273 2273 440 2328; x_wconf 89' lang='lat' dir='ltr'>Seleuciensi</span> <span class='ocrx_word' id='word_1_176' title='bbox 456 2274 585 2337; x_wconf 86' lang='lat' dir='ltr'>Ecclesia,</span> <span class='ocrx_word' id='word_1_177' title='bbox 611 2274 726 2330; x_wconf 87' lang='lat' dir='ltr'>occlusis</span> <span class='ocrx_word' id='word_1_178' title='bbox 743 2273 847 2328; x_wconf 90' lang='lat' dir='ltr'>loribus</span> <span class='ocrx_word' id='word_1_179' title='bbox 863 2273 1063 2344; x_wconf 87' lang='lat' dir='ltr'>subscriptione</span> <span class='ocrx_word' id='word_1_180' title='bbox 1078 2282 1128 2327; x_wconf 80' lang='lat' dir='ltr'>su&#39;a</span> 
     </span>
     <span class='ocr_line' id='line_1_24' title="bbox 106 2356 1128 2431; baseline -0.004 -17"><span class='ocrx_word' id='word_1_181' title='bbox 106 2357 329 2429; x_wconf 83' lang='lat' dir='ltr'>comprobarunt.</span> <span class='ocrx_word' id='word_1_182' title='bbox 361 2358 491 2430; x_wconf 88' lang='lat' dir='ltr'>Sequenti</span> <span class='ocrx_word' id='word_1_183' title='bbox 513 2359 583 2422; x_wconf 87' lang='lat' dir='ltr'>luce,</span> <span class='ocrx_word' id='word_1_184' title='bbox 608 2374 677 2431; x_wconf 88' lang='lat' dir='ltr'>quae</span> <span class='ocrx_word' id='word_1_185' title='bbox 693 2358 795 2431; x_wconf 82' lang='lat' dir='ltr'>Synodi</span> <span class='ocrx_word' id='word_1_186' title='bbox 818 2357 896 2412; x_wconf 89' lang='lat' dir='ltr'>tertia</span> <span class='ocrx_word' id='word_1_187' title='bbox 917 2357 974 2425; x_wconf 84' lang='lat' dir='ltr'>luit,</span> <span class='ocrx_word' id='word_1_188' title='bbox 999 2373 1060 2411; x_wconf 87' lang='lat' dir='ltr'>curn</span> <span class='ocrx_word' id='word_1_189' title='bbox 1076 2356 1128 2410; x_wconf 90' lang='lat' dir='ltr'>iam</span> 
     </span>
     <span class='ocr_line' id='line_1_25' title="bbox 105 2439 1171 2513; baseline -0.002 -15"><span class='ocrx_word' id='word_1_190' title='bbox 105 2443 218 2498; x_wconf 86' lang='lat' dir='ltr'>Basilius</span> <span class='ocrx_word' id='word_1_191' title='bbox 242 2452 270 2498; x_wconf 91' lang='lat' dir='ltr'>et</span> <span class='ocrx_word' id='word_1_192' title='bbox 291 2443 463 2498; x_wconf 83' lang='lat' dir='ltr'>Macedouius</span> <span class='ocrx_word' id='word_1_193' title='bbox 485 2444 665 2507; x_wconf 86' lang='lat' dir='ltr'>interessent,</span> <span class='ocrx_word' id='word_1_194' title='bbox 688 2442 800 2497; x_wconf 83' lang='lat' dir='ltr'>Aeacius</span> <span class='ocrx_word' id='word_1_195' title='bbox 823 2456 884 2496; x_wconf 91' lang='lat' dir='ltr'>eum</span> <span class='ocrx_word' id='word_1_196' title='bbox 907 2439 997 2496; x_wconf 86' lang='lat' dir='ltr'>Leone</span> <span class='ocrx_word' id='word_1_197' title='bbox 1020 2441 1128 2513; x_wconf 84' lang='lat' dir='ltr'>ingres-</span> <span class='ocrx_word' id='word_1_198' title='bbox 1168 2457 1171 2463; x_wconf 91' lang='lat'>·</span> 
     </span>
     <span class='ocr_line' id='line_1_26' title="bbox 105 2525 1126 2604; baseline -0.003 -20"><span class='ocrx_word' id='word_1_199' title='bbox 105 2543 153 2584; x_wconf 87' lang='lat' dir='ltr'>sus</span> <span class='ocrx_word' id='word_1_200' title='bbox 182 2527 297 2600; x_wconf 88' lang='lat' dir='ltr'>primurn</span> <span class='ocrx_word' id='word_1_201' title='bbox 327 2527 445 2583; x_wconf 90' lang='lat' dir='ltr'>obtinuit</span> <span class='ocrx_word' id='word_1_202' title='bbox 473 2536 503 2582; x_wconf 90' lang='lat' dir='ltr'>ut</span> <span class='ocrx_word' id='word_1_203' title='bbox 531 2528 567 2582; x_wconf 93' lang='lat' dir='ltr'>illi</span> <span class='ocrx_word' id='word_1_204' title='bbox 590 2527 655 2601; x_wconf 92' lang='lat' dir='ltr'>ipsi,</span> <span class='ocrx_word' id='word_1_205' title='bbox 686 2527 732 2599; x_wconf 91' lang='lat' dir='ltr'>qui</span> <span class='ocrx_word' id='word_1_206' title='bbox 763 2526 889 2604; x_wconf 88' lang='lat' dir='ltr'>accusati</span> <span class='ocrx_word' id='word_1_207' title='bbox 916 2534 1007 2589; x_wconf 85' lang='lat' dir='ltr'>erant,</span> <span class='ocrx_word' id='word_1_208' title='bbox 1037 2525 1070 2581; x_wconf 89' lang='lat' dir='ltr'>ab</span> <span class='ocrx_word' id='word_1_209' title='bbox 1094 2542 1126 2582; x_wconf 91' lang='lat' dir='ltr'>eo</span> 
     </span>
     <span class='ocr_line' id='line_1_27' title="bbox 105 2609 1127 2685; baseline -0.003 -16"><span class='ocrx_word' id='word_1_210' title='bbox 105 2620 187 2670; x_wconf 90' lang='lat' dir='ltr'>coetu</span> <span class='ocrx_word' id='word_1_211' title='bbox 210 2621 455 2668; x_wconf 86' lang='lat' dir='ltr'>summoverentur.</span> <span class='ocrx_word' id='word_1_212' title='bbox 492 2612 594 2669; x_wconf 79' lang='lat' dir='ltr'>Deinde</span> <span class='ocrx_word' id='word_1_213' title='bbox 617 2629 712 2668; x_wconf 90' lang='lat' dir='ltr'>novam</span> <span class='ocrx_word' id='word_1_214' title='bbox 734 2610 796 2667; x_wconf 86' lang='lat' dir='ltr'>fidei</span> <span class='ocrx_word' id='word_1_215' title='bbox 819 2610 961 2666; x_wconf 79' lang='lat' dir='ltr'>formulam</span> <span class='ocrx_word' id='word_1_216' title='bbox 984 2627 1034 2685; x_wconf 88' lang='lat' dir='ltr'>per</span> <span class='ocrx_word' id='word_1_217' title='bbox 1055 2609 1127 2667; x_wconf 78' lang='lat' dir='ltr'>beo-</span> 
     </span>
     <span class='ocr_line' id='line_1_28' title="bbox 105 2694 1127 2772; baseline -0.002 -18"><span class='ocrx_word' id='word_1_218' title='bbox 105 2714 167 2754; x_wconf 91' lang='lat' dir='ltr'>uam</span> <span class='ocrx_word' id='word_1_219' title='bbox 197 2699 356 2771; x_wconf 89' lang='lat' dir='ltr'>proposuit,</span> <span class='ocrx_word' id='word_1_220' title='bbox 386 2713 466 2772; x_wconf 92' lang='lat' dir='ltr'>quam</span> <span class='ocrx_word' id='word_1_221' title='bbox 489 2697 654 2771; x_wconf 82' lang='lat' dir='ltr'>Epiphanius</span> <span class='ocrx_word' id='word_1_222' title='bbox 683 2694 788 2753; x_wconf 89' lang='lat' dir='ltr'>recitat.</span> <span class='ocrx_word' id='word_1_223' title='bbox 834 2695 888 2752; x_wconf 90' lang='lat' dir='ltr'>Sed</span> <span class='ocrx_word' id='word_1_224' title='bbox 917 2694 1127 2752; x_wconf 87' lang='lat' dir='ltr'>reclamantibus</span> 
     </span>
     <span class='ocr_line' id='line_1_29' title="bbox 105 2780 1126 2847; baseline -0.002 -8"><span class='ocrx_word' id='word_1_225' title='bbox 105 2780 235 2847; x_wconf 84' lang='lat' dir='ltr'>caeteris,</span> <span class='ocrx_word' id='word_1_226' title='bbox 264 2798 326 2839; x_wconf 90' lang='lat' dir='ltr'>cum</span> <span class='ocrx_word' id='word_1_227' title='bbox 349 2781 440 2839; x_wconf 91' lang='lat' dir='ltr'>nullus</span> <span class='ocrx_word' id='word_1_228' title='bbox 463 2783 669 2839; x_wconf 89' lang='lat' dir='ltr'>contentionum</span> <span class='ocrx_word' id='word_1_229' title='bbox 691 2799 722 2838; x_wconf 93' lang='lat' dir='ltr'>ac</span> <span class='ocrx_word' id='word_1_230' title='bbox 744 2781 911 2839; x_wconf 84' lang='lat' dir='ltr'>simultatum</span> <span class='ocrx_word' id='word_1_231' title='bbox 934 2780 1021 2838; x_wconf 83' lang='lat' dir='ltr'>exitus</span> <span class='ocrx_word' id='word_1_232' title='bbox 1044 2791 1126 2846; x_wconf 89' lang='lat' dir='ltr'>esset,</span> 
     </span>
     <span class='ocr_line' id='line_1_30' title="bbox 105 2865 1126 2940; baseline -0.002 -16"><span class='ocrx_word' id='word_1_233' title='bbox 105 2869 210 2924; x_wconf 84' lang='lat' dir='ltr'>Leonas</span> <span class='ocrx_word' id='word_1_234' title='bbox 240 2869 273 2923; x_wconf 89' lang='lat' dir='ltr'>ad</span> <span class='ocrx_word' id='word_1_235' title='bbox 296 2868 444 2924; x_wconf 83' lang='lat' dir='ltr'>Concilium</span> <span class='ocrx_word' id='word_1_236' title='bbox 473 2868 560 2924; x_wconf 88' lang='lat' dir='ltr'>redire</span> <span class='ocrx_word' id='word_1_237' title='bbox 589 2868 690 2932; x_wconf 91' lang='lat' dir='ltr'>noluit,</span> <span class='ocrx_word' id='word_1_238' title='bbox 721 2876 751 2922; x_wconf 91' lang='lat' dir='ltr'>ut</span> <span class='ocrx_word' id='word_1_239' title='bbox 779 2883 830 2922; x_wconf 90' lang='lat' dir='ltr'>nec</span> <span class='ocrx_word' id='word_1_240' title='bbox 851 2867 990 2933; x_wconf 81' lang='lat' dir='ltr'>dcaciani,</span> <span class='ocrx_word' id='word_1_241' title='bbox 1023 2867 1068 2940; x_wconf 91' lang='lat' dir='ltr'>qui</span> <span class='ocrx_word' id='word_1_242' title='bbox 1091 2865 1126 2923; x_wconf 93' lang='lat' dir='ltr'>ob</span> 
     </span>
     <span class='ocr_line' id='line_1_31' title="bbox 106 2952 1128 3025; baseline -0.003 -17"><span class='ocrx_word' id='word_1_243' title='bbox 106 2955 303 3010; x_wconf 88' lang='lat' dir='ltr'>contumaciam</span> <span class='ocrx_word' id='word_1_244' title='bbox 325 2969 340 3008; x_wconf 85' lang='lat' dir='ltr'>a</span> <span class='ocrx_word' id='word_1_245' title='bbox 363 2953 535 3009; x_wconf 81' lang='lat' dir='ltr'>semiarianis</span> <span class='ocrx_word' id='word_1_246' title='bbox 559 2953 771 3025; x_wconf 90' lang='lat' dir='ltr'>depositisunt.</span> <span class='ocrx_word' id='word_1_247' title='bbox 817 2954 851 3008; x_wconf 84' lang='lat' dir='ltr'>dt</span> <span class='ocrx_word' id='word_1_248' title='bbox 873 2953 909 3008; x_wconf 92' lang='lat' dir='ltr'>illi</span> <span class='ocrx_word' id='word_1_249' title='bbox 934 2952 1128 3008; x_wconf 79' lang='lat' dir='ltr'>Constantino·</span> 
     </span>
     <span class='ocr_line' id='line_1_32' title="bbox 105 3036 1127 3112; baseline -0.004 -18"><span class='ocrx_word' id='word_1_250' title='bbox 105 3038 179 3110; x_wconf 92' lang='lat' dir='ltr'>polin</span> <span class='ocrx_word' id='word_1_251' title='bbox 207 3037 241 3092; x_wconf 91' lang='lat' dir='ltr'>ad</span> <span class='ocrx_word' id='word_1_252' title='bbox 269 3039 366 3111; x_wconf 89' lang='lat' dir='ltr'>imper.</span> <span class='ocrx_word' id='word_1_253' title='bbox 395 3039 526 3112; x_wconf 84' lang='lat' dir='ltr'>proiecti,</span> <span class='ocrx_word' id='word_1_254' title='bbox 556 3039 628 3093; x_wconf 87' lang='lat' dir='ltr'>hunc</span> <span class='ocrx_word' id='word_1_255' title='bbox 657 3038 785 3094; x_wconf 89' lang='lat' dir='ltr'>adversus</span> <span class='ocrx_word' id='word_1_256' title='bbox 807 3036 950 3101; x_wconf 84' lang='lat' dir='ltr'>basilium,</span> <span class='ocrx_word' id='word_1_257' title='bbox 981 3036 1127 3108; x_wconf 79' lang='lat' dir='ltr'>Georgium</span> 
     </span>
     <span class='ocr_line' id='line_1_33' title="bbox 105 3121 1128 3197; baseline -0.003 -19"><span class='ocrx_word' id='word_1_258' title='bbox 105 3122 302 3185; x_wconf 80' lang='lat' dir='ltr'>laodicenum,</span> <span class='ocrx_word' id='word_1_259' title='bbox 324 3123 511 3197; x_wconf 88' lang='lat' dir='ltr'>reliquamque</span> <span class='ocrx_word' id='word_1_260' title='bbox 534 3123 677 3179; x_wconf 84' lang='lat' dir='ltr'>factionem</span> <span class='ocrx_word' id='word_1_261' title='bbox 699 3123 828 3178; x_wconf 87' lang='lat' dir='ltr'>maiorem</span> <span class='ocrx_word' id='word_1_262' title='bbox 851 3122 879 3176; x_wconf 93' lang='lat' dir='ltr'>in</span> <span class='ocrx_word' id='word_1_263' title='bbox 901 3121 1010 3176; x_wconf 86' lang='lat' dir='ltr'>modurn</span> <span class='ocrx_word' id='word_1_264' title='bbox 1034 3121 1128 3176; x_wconf 88' lang='lat' dir='ltr'>eonci-</span> 
     </span>
     <span class='ocr_line' id='line_1_34' title="bbox 107 3207 663 3275; baseline 0.004 -13"><span class='ocrx_word' id='word_1_265' title='bbox 107 3215 207 3263; x_wconf 92' lang='lat' dir='ltr'>tarunt.</span> <span class='ocrx_word' id='word_1_266' title='bbox 240 3207 319 3264; x_wconf 83' lang='lat' dir='ltr'>Plura</span> <span class='ocrx_word' id='word_1_267' title='bbox 341 3208 374 3264; x_wconf 88' lang='lat' dir='ltr'>de</span> <span class='ocrx_word' id='word_1_268' title='bbox 397 3209 439 3264; x_wconf 87' lang='lat' dir='ltr'>his</span> <span class='ocrx_word' id='word_1_269' title='bbox 462 3209 589 3275; x_wconf 78' lang='lat' dir='ltr'>Socrates</span> <span class='ocrx_word' id='word_1_270' title='bbox 612 3217 663 3264; x_wconf 89' lang='lat' dir='ltr'>etc.</span> 
     </span>
    </p>

    <p class='ocr_par' dir='ltr' id='par_1_6' title="bbox 104 3280 1127 3454">
     <span class='ocr_line' id='line_1_35' title="bbox 192 3280 1127 3369; baseline -0.006 -19"><span class='ocrx_word' id='word_1_271' title='bbox 192 3294 252 3351; x_wconf 76' lang='lat' dir='ltr'>sta</span> <span class='ocrx_word' id='word_1_272' title='bbox 270 3311 293 3350; x_wconf 89' lang='lat' dir='ltr'>e.</span> <span class='ocrx_word' id='word_1_273' title='bbox 324 3286 384 3369; x_wconf 82' lang='grc' dir='ltr'>πρὸ</span> <span class='ocrx_word' id='word_1_274' title='bbox 406 3287 491 3350; x_wconf 78' lang='grc' dir='ltr'><em>πέντε</em></span> <span class='ocrx_word' id='word_1_275' title='bbox 514 3287 689 3350; x_wconf 74' lang='grc' dir='ltr'>Καλανδῶν</span> <span class='ocrx_word' id='word_1_276' title='bbox 710 3283 801 3363; x_wconf 79' lang='grc' dir='ltr'><em>ὀκτώ]</em></span> <span class='ocrx_word' id='word_1_277' title='bbox 848 3290 915 3345; x_wconf 87' lang='lat' dir='ltr'>Post</span> <span class='ocrx_word' id='word_1_278' title='bbox 937 3280 1016 3346; x_wconf 75' lang='lat' dir='ltr'>durari</span> <span class='ocrx_word' id='word_1_279' title='bbox 1040 3289 1127 3346; x_wconf 89' lang='lat' dir='ltr'>inter-</span> 
     </span>
     <span class='ocr_line' id='line_1_36' title="bbox 104 3367 931 3454; baseline -0.006 -20"><span class='ocrx_word' id='word_1_280' title='bbox 104 3377 291 3452; x_wconf 88' lang='lat' dir='ltr'>pungendum,</span> <span class='ocrx_word' id='word_1_281' title='bbox 315 3386 347 3434; x_wconf 90' lang='lat' dir='ltr'>ut</span> <span class='ocrx_word' id='word_1_282' title='bbox 369 3377 404 3434; x_wconf 89' lang='lat' dir='ltr'>sit</span> <span class='ocrx_word' id='word_1_283' title='bbox 426 3377 560 3434; x_wconf 87' lang='lat' dir='ltr'>dimidiata</span> <span class='ocrx_word' id='word_1_284' title='bbox 583 3395 633 3434; x_wconf 81' lang='lat' dir='ltr'>vor</span> <span class='ocrx_word' id='word_1_285' title='bbox 654 3393 704 3450; x_wconf 91' lang='lat' dir='ltr'>pro</span> <span class='ocrx_word' id='word_1_286' title='bbox 724 3367 931 3454; x_wconf 73' lang='grc' dir='ltr'><em>Ὀκτωβρίων.</em></span> 
     </span>
    </p>

    <p class='ocr_par' dir='ltr' id='par_1_7' title="bbox 104 3454 1177 3711">
     <span class='ocr_line' id='line_1_37' title="bbox 193 3454 1121 3537; baseline -0.004 -15"><span class='ocrx_word' id='word_1_287' title='bbox 193 3465 252 3522; x_wconf 79' lang='lat'>872</span> <span class='ocrx_word' id='word_1_288' title='bbox 270 3463 295 3520; x_wconf 89' lang='lat' dir='ltr'>d.</span> <span class='ocrx_word' id='word_1_289' title='bbox 326 3454 435 3528; x_wconf 74' lang='grc' dir='ltr'><em>καθώς</em></span> <span class='ocrx_word' id='word_1_290' title='bbox 449 3457 499 3517; x_wconf 76' lang='grc' dir='ltr'>καὶ</span> <span class='ocrx_word' id='word_1_291' title='bbox 514 3455 531 3519; x_wconf 78' lang='grc' dir='ltr'><strong>ὁ</strong></span> <span class='ocrx_word' id='word_1_292' title='bbox 547 3455 775 3537; x_wconf 77' lang='grc' dir='ltr'>λαμπρότατος]</span> <span class='ocrx_word' id='word_1_293' title='bbox 802 3460 880 3533; x_wconf 79' lang='lat' dir='ltr'>Apud</span> <span class='ocrx_word' id='word_1_294' title='bbox 896 3460 1035 3516; x_wconf 88' lang='lat' dir='ltr'>Socratem</span> <span class='ocrx_word' id='word_1_295' title='bbox 1051 3477 1075 3516; x_wconf 91' lang='lat' dir='ltr'>c.</span> <span class='ocrx_word' id='word_1_296' title='bbox 1086 3463 1121 3518; x_wconf 79' lang='lat' dir='ltr'>at</span> 
     </span>
     <span class='ocr_line' id='line_1_38' title="bbox 104 3534 1125 3624; baseline -0.003 -19"><span class='ocrx_word' id='word_1_297' title='bbox 104 3548 209 3605; x_wconf 88' lang='lat' dir='ltr'>beonas</span> <span class='ocrx_word' id='word_1_298' title='bbox 233 3549 331 3605; x_wconf 87' lang='lat' dir='ltr'>dicitur</span> <span class='ocrx_word' id='word_1_299' title='bbox 353 3534 395 3615; x_wconf 77' lang='grc' dir='ltr'>εἷς</span> <span class='ocrx_word' id='word_1_300' title='bbox 414 3547 477 3603; x_wconf 81' lang='grc' dir='ltr'>τῶν</span> <span class='ocrx_word' id='word_1_301' title='bbox 498 3542 529 3603; x_wconf 71' lang='grc' dir='ltr'>ἐν</span> <span class='ocrx_word' id='word_1_302' title='bbox 549 3545 719 3619; x_wconf 64' lang='grc' dir='ltr'><strong><em>βασιλικοῖς</em></strong></span> <span class='ocrx_word' id='word_1_303' title='bbox 733 3541 885 3624; x_wconf 76' lang='grc' dir='ltr'>ἐκφωνῶν,</span> <span class='ocrx_word' id='word_1_304' title='bbox 908 3545 1047 3601; x_wconf 88' lang='lat' dir='ltr'>Lauricius</span> <span class='ocrx_word' id='word_1_305' title='bbox 1063 3563 1125 3603; x_wconf 87' lang='lat' dir='ltr'>veru</span> 
     </span>
     <span class='ocr_line' id='line_1_39' title="bbox 104 3623 1177 3711; baseline -0.002 -21"><span class='ocrx_word' id='word_1_306' title='bbox 104 3634 166 3690; x_wconf 81' lang='grc' dir='ltr'>τῶν</span> <span class='ocrx_word' id='word_1_307' title='bbox 188 3627 266 3691; x_wconf 80' lang='grc' dir='ltr'>κατὰ</span> <span class='ocrx_word' id='word_1_308' title='bbox 288 3627 345 3709; x_wconf 68' lang='grc' dir='ltr'>τὴν</span> <span class='ocrx_word' id='word_1_309' title='bbox 365 3623 518 3711; x_wconf 74' lang='grc' dir='ltr'><em>’Ῑσαυρίαν</em></span> <span class='ocrx_word' id='word_1_310' title='bbox 538 3633 734 3711; x_wconf 69' lang='grc' dir='ltr'><em>στρατιωτῶν</em></span> <span class='ocrx_word' id='word_1_311' title='bbox 750 3623 928 3708; x_wconf 72' lang='grc' dir='ltr'>ἡγούμενος,</span> <span class='ocrx_word' id='word_1_312' title='bbox 951 3631 1177 3701; x_wconf 74' lang='lat' dir='ltr'>Theodoretoltd</span> 
     </span>
    </p>
   </div>
   <div class='ocr_carea' id='block_1_3' title="bbox 0 0 1272 4154">
    <p class='ocr_par' dir='ltr' id='par_1_8' title="bbox 0 0 1272 4154">
     <span class='ocr_line' id='line_1_40' title="bbox 0 0 1272 4154; baseline 0 0"><span class='ocrx_word' id='word_1_313' title='bbox 0 0 1272 4154; x_wconf 95' lang='lat' dir='ltr'> </span> 
     </span>
    </p>
   </div>
  </div>
 </body>
</html>
