2534 4154
38 295 48 302 *
123 335 211 376 cxxvi
483 328 597 378 rernm
616 327 787 377 onotctrto.

208 483 307 539 Contra
336 500 405 558 quos
435 499 529 538 omnes
558 492 612 537 tam
634 482 775 556 Epiphanii
804 482 906 547 nostri,
936 500 1016 555 quam
1044 493 1140 541 nostra

122 570 202 624 etiam
224 585 318 623 caussa
340 567 531 641 disputandum
553 567 672 623 breviter
694 567 825 623 existimo.
856 568 893 622 dc
908 567 1013 640 priores
1029 568 1139 640 quidem

120 654 167 717 illi,
191 653 289 726 quibus
313 662 399 709 totum
422 652 495 708 istud
516 653 656 724 negotium
674 651 807 725 displicet,
830 651 984 707 Haereseon
1001 652 1136 719 abstrusa,

120 755 151 792 ac
173 738 311 793 recondita
333 737 460 810 mysteria
482 737 608 793 mandare
637 737 759 809 scriptis,
790 754 925 792 summum
947 754 977 792 ae
1000 738 1138 811 singulare

121 823 225 877 veritati
253 823 416 895 praesidium
444 822 570 895 opinione
600 840 647 877 sna
670 822 825 877 detrahunt.
869 822 926 877 lloc
950 822 1020 877 enim
1043 833 1139 879 entor-

120 916 218 979 quent;
250 925 303 988 quo
327 915 469 962 nascentes
492 907 638 962 identidem
660 924 690 962 ac
712 906 842 962 redivivae
866 907 1066 962 mendaciorum
1090 926 1138 963 se-

120 1001 178 1047 ctae
201 993 360 1047 validissime
382 992 535 1065 propulsari
557 1011 571 1047 a
594 992 681 1056 nobis,
706 991 844 1063 evertique
866 992 981 1064 possint.
1011 992 1059 1047 Est
1074 993 1138 1064 qui-

119 1077 180 1131 dem
203 1077 277 1141 eius,
303 1079 349 1151 qui
371 1077 399 1132 in
421 1077 551 1132 Haeresin
574 1078 615 1132 vel
637 1076 814 1140 moliendam,
844 1077 885 1131 vel
907 1076 1034 1132 tuendam
1057 1077 1138 1133 incu-

118 1161 217 1227 buerit,
242 1162 346 1217 animus
368 1161 394 1217 in
418 1180 525 1217 omnent
547 1162 684 1217 audaciam
707 1161 764 1215 sine
787 1159 843 1215 ullo
866 1161 970 1233 pudore
987 1161 1135 1234 proiectus.

119 1246 172 1301 Sed
201 1264 280 1302 nemo
310 1255 351 1302 est
379 1256 469 1302 tamen
495 1265 527 1302 ex
549 1246 600 1301 illis
622 1245 800 1302 absurdarum
823 1246 981 1318 opinionum
1003 1247 1135 1318 patronis,

118 1349 199 1405 quem
222 1349 278 1386 non
300 1341 448 1407 utcumque
471 1331 585 1387 convicti
608 1330 671 1385 olirn
695 1330 809 1392 erroriS,
833 1347 863 1385 ac
886 1331 1002 1386 damnati
1025 1331 1135 1403 pudeat.

119 1417 179 1472 Sint
208 1434 288 1482 sane,
318 1417 358 1472 uti
386 1425 463 1481 sunt,
494 1416 574 1471 ferrei
600 1432 694 1470 ornnes
717 1414 864 1470 Haeretici:
895 1415 949 1471 sint
971 1412 1135 1488 pervicaces

118 1501 197 1556 iitlenr
227 1520 256 1557 se
278 1502 304 1557 in
327 1503 386 1574 ipso
410 1501 521 1564 ardore,
551 1499 751 1573 agnationeque
773 1499 924 1572 disputandi
948 1501 978 1555 ad
1002 1500 1137 1556 resisten-

118 1586 181 1642 dum
203 1588 291 1642 acrius
313 1587 424 1658 fingant,
447 1576 536 1640 lamen
560 1584 606 1657 qui
629 1583 655 1639 id
677 1584 814 1647 didicerit,
837 1585 937 1657 quique
961 1585 1042 1640 certis
1057 1595 1137 1641 vete-

118 1689 177 1726 rum
200 1671 360 1726 testimoniis
384 1670 555 1742 corriperent,
583 1678 645 1724 ante
668 1669 700 1724 ab
723 1669 840 1741 antiquis
862 1669 987 1724 Patribus
1011 1679 1038 1724 et
1061 1670 1136 1725 Con-

117 1756 199 1818 ciliis,
229 1756 392 1826 publicoque
417 1755 630 1809 Christianorum
658 1771 794 1808 consensu
823 1755 910 1826 agnita
941 1773 971 1809 ac
994 1755 1135 1827 repudiata

117 1841 241 1911 dogntata
264 1839 315 1901 illa,
340 1856 420 1910 quarn
442 1839 479 1893 illi
502 1839 562 1911 ipsi,
586 1856 655 1910 quos
679 1839 811 1910 sequitur,
836 1857 930 1894 eorum
954 1840 1135 1912 interpolato-

117 1939 159 1977 res
183 1923 343 1987 existerent;
368 1923 408 1978 vix
432 1924 497 1984 erit,
521 1925 632 1995 opinor,
656 1922 743 1986 ullus,
768 1923 844 1978 curius
867 1924 918 1978 nisi
940 1924 1041 1996 frangi,
1066 1925 1135 1980 edo-

116 2007 237 2078 marique
266 2007 434 2062 contumacia
462 2008 597 2080 potuerit,
627 2024 682 2062 non
712 2007 894 2080 languidiores
918 2009 1012 2064 saltem
1037 2009 1135 2065 habeat

116 2093 272 2165 eruptiones
295 2099 323 2146 et
344 2092 470 2164 impetus,
495 2110 525 2147 ao
548 2093 675 2165 paulatim
698 2110 747 2165 per
769 2093 884 2165 seipsam
901 2095 1067 2166 refrigerata,
1091 2103 1136 2150 at-

116 2194 168 2250 que
193 2185 316 2232 enervata
339 2176 471 2232 concidat.
502 2177 608 2232 Habent
631 2178 712 2249 igitur
729 2179 801 2233 hune
816 2178 933 2233 fructum
949 2179 1134 2235 commentarii

116 2262 160 2325 illi,
185 2262 231 2335 qui
254 2262 287 2317 de
309 2261 472 2318 Haeresibus
494 2262 659 2326 scribuntur,
683 2272 714 2317 ut
737 2263 763 2316 in
785 2280 948 2337 unaquaque
971 2274 1058 2319 aetate
1074 2264 1135 2319 lau·

116 2358 188 2402 tores
211 2347 339 2420 perfidiae
360 2365 391 2402 ac
414 2347 544 2402 satellites
566 2364 631 2402 suos
654 2347 771 2410 inillis,
795 2364 864 2420 quos
887 2349 995 2420 quidem
1019 2348 1135 2404 erubes-

115 2443 185 2496 cant,
209 2433 344 2506 principes
367 2434 552 2505 authoresque
577 2442 784 2506 recognoscant.

198 2518 251 2571 lain
275 2518 321 2591 qui
344 2527 431 2573 certus
456 2535 487 2573 ex
511 2518 689 2581 Haeresibns,
716 2518 878 2591 easdemque
901 2519 942 2573 vel
966 2518 1131 2583 obliteratas,

114 2601 154 2655 vel
177 2603 344 2672 turpitudine
366 2603 478 2658 infames
502 2604 589 2658 omitti
611 2603 714 2667 iubent,
738 2603 873 2659 difficilem
889 2604 1020 2674 quandam
1036 2603 1133 2658 mode-

114 2685 244 2739 rationem
268 2687 421 2756 postulant:
446 2687 522 2741 euius
546 2705 579 2741 ne
603 2689 654 2759 ipsi
672 2688 780 2760 quidem
797 2705 885 2748 usum,
909 2689 995 2759 rogati
1012 2705 1025 2741 a
1042 2687 1131 2752 nobis,

115 2768 264 2841 expediant.
310 2769 414 2823 Etenim
444 2771 465 2823 si
495 2772 546 2824 hoc
572 2782 647 2827 certo
670 2772 791 2843 polliceri
813 2781 940 2843 possent,
972 2773 1131 2843 opinionum

113 2855 156 2909 illa
179 2861 314 2925 portenta,
339 2860 482 2924 postquam
505 2871 635 2925 oppressa
658 2872 688 2910 ac
711 2856 816 2927 sepulta
833 2857 916 2910 semel
932 2864 1033 2918 essent,
1059 2873 1133 2910 nun-

114 2928 209 3011 qnain,
238 2938 289 2992 nisi
312 2936 435 2992 inlibris
458 2946 594 3001 extarent,
619 2956 755 2993 emersura
779 2939 883 3001 denuo,
906 2957 996 3010 neque
1019 2939 1075 2992 suis
1099 2957 1132 2997 ex

114 3024 165 3078 illis
188 3023 292 3085 bustis,
315 3039 345 3077 ac
368 3021 504 3078 cineribus
528 3022 682 3086 excitanda,
707 3024 772 3077 nibil
795 3024 907 3078 consilio
931 3025 993 3078 lruic
1015 3024 1130 3081 istorum

115 3107 338 3182 praevertendum
359 3117 492 3179 putarem.
523 3108 577 3163 Sed
599 3126 659 3163 cum
683 3108 856 3162 nibilominus
881 3109 957 3164 statis
977 3118 1131 3181 temporum

114 3193 259 3249 interuallis
283 3193 374 3247 cadent
398 3192 441 3247 illa
463 3203 583 3248 monstra
606 3202 743 3265 atrrputata
766 3193 861 3257 toties,
891 3211 921 3249 ac
944 3195 1063 3268 iugulato
1086 3214 1133 3251 re-

116 3280 255 3334 viviscant:
280 3295 340 3333 cunr
364 3278 432 3332 idem
457 3278 603 3334 llaeresum
626 3279 731 3333 illarum
754 3278 928 3345 architectus,
950 3281 1131 3354 inventorque

116 3363 256 3426 lliabolus,
287 3364 367 3418 etiam
396 3362 467 3418 omni
496 3364 628 3420 librorum
652 3364 768 3418 extincta
790 3365 934 3428 memoria,
958 3374 1129 3438 perseveret:

116 3465 177 3505 curn
200 3449 293 3502 iisdem
316 3448 418 3503 artibus
442 3457 469 3504 et
493 3449 639 3512 machinis,
670 3449 817 3521 eademque
840 3450 872 3504 ad
895 3451 953 3505 illas
975 3452 1131 3505 instauran-

116 3533 163 3586 das
186 3533 330 3588 calliditate
353 3550 383 3588 ac
404 3534 523 3605 nequitia
546 3533 580 3587 sit
603 3534 749 3606 praeditus,
773 3551 862 3606 neque
885 3553 935 3591 nos
956 3537 1069 3591 istorum
1085 3536 1130 3590 ille

116 3617 236 3673 delectus
260 3618 374 3682 adiuvat,
398 3628 425 3674 et
446 3618 574 3674 adversus
597 3619 771 3692 redintegrati
793 3619 880 3675 morbi
903 3621 1051 3692 periculum
1072 3620 1131 3692 pri-
