2534 4154
498 333 789 386 nurunnveusroues.
1091 320 1151 387 ter

130 489 363 548 circunleruntur.
407 488 473 544 Nam
502 506 534 546 ea
555 490 667 564 Aquilae
695 491 812 547 editione
835 490 871 545 ita
894 490 1059 564 coneipitur:
1089 481 1150 549 ἀπὸ

126 570 251 652 μήτρας
272 567 522 674 ἓξωρθρισμίνορ
541 591 589 631 σοι
608 568 719 652 δρόσος
733 568 939 674 παιδιότρτός
944 592 1010 631 σου.
1033 575 1151 650 ESym-

128 661 228 718 macho
251 675 330 716 vero.
354 651 396 726 ὡς
417 652 482 715 κατ’
490 650 625 762 ὄρθρον
646 677 694 716 σοι
717 652 866 737 δρόσος“
849 680 868 735 η
891 650 996 735 νεότης
1016 678 1082 716 σου.
1112 660 1168 718 Ex

129 746 224 820 quinta
247 745 379 818 denique.
403 739 436 799 ἐκ
456 737 576 822 μήτρας
598 739 645 801 e‘nl
667 736 788 822 όρθρου
810 762 858 801 σοι
882 738 1030 822 δρόσος“
1013 738 1155 822 quatiant

127 848 196 888 coo.
225 830 291 910 LXX
313 830 345 886 ad
363 846 473 886 sensum
488 831 579 903 potius
602 844 682 903 quam
697 831 730 885 ad
745 829 826 886 verba
842 840 1029 904 respexerunt.
1064 826 1153 901 Quam

128 924 221 973 autem
243 905 330 971 variae
352 924 406 971 tam
429 924 585 971 nostrorum
608 933 689 990 quam
712 914 876 970 Rabinorum
899 916 954 971 sint
975 916 1009 972 de
1032 932 1064 973 eo
1086 916 1149 974 locu

129 1000 292 1065 sentcntiae,
316 1017 348 1056 en
369 999 476 1055 illorum
493 999 697 1056 Commentariis
720 1008 844 1073 repetere
866 1000 938 1056 lieet.
955 1001 1092 1058 ¹Hebraea
1112 1000 1150 1059 itt

127 1085 211 1142 bodie
240 1085 430 1159 reincipiuntur
457 1082 549 1146 anab*
572 1082 614 1145 bra
638 1082 670 1145 b
693 1098 790 1146 arrum
814 1099 914 1145 unna.
952 1085 1009 1142 Hoc
1030 1095 1088 1142 ost:
1105 1089 1204 1144 tuldb

128 1179 218 1234 utero,
242 1177 304 1225 aute
327 1171 474 1234 Auroram,
501 1169 542 1225 vel
565 1170 597 1224 ab
621 1173 739 1234 Aurora,
770 1169 817 1226 tibi
840 1186 886 1226 ros
908 1170 1053 1226 nativitatis
1076 1179 1150 1229 tuac.

128 1253 350 1327 Lllx'legerunt
380 1252 493 1332 arniba
521 1257 606 1326 umet
629 1263 663 1309 te.
708 1255 775 1311 Hine
804 1255 875 1328 apud
896 1254 1075 1328 Epiplnanium
1099 1270 1150 1329 pro

129 1333 286 1413 tetedtgee
306 1340 421 1395 tortasse
444 1339 664 1395 substituendum
688 1349 729 1396 est
752 1334 914 1413 ἰελεδὲθεχ,
938 1348 968 1394 ut
983 1340 1010 1395 in
1026 1339 1158 1412 Hexaptte

130 1425 282 1498 Oetaplisve
305 1424 384 1480 colon
407 1424 472 1480 illud
495 1424 731 1498 repraesentabat,
762 1426 788 1480 in
812 1443 866 1497 quo
889 1423 1019 1480 Hebraico
1042 1422 1152 1481 Graecia

128 1508 332 1566 characteribus
358 1510 457 1582 scripta
480 1509 649 1581 legebantur.
682 1511 734 1565 lam
758 1510 822 1565 illud
845 1503 961 1565 λακτὰλ
982 1508 1151 1582 Epiphanius

129 1595 210 1650 uertit
232 1588 283 1649 καὶ
305 1586 364 1671 πρὸ
387 1595 442 1668 τῆς
463 1589 577 1670 δρόσου
599 1590 731 1650 nnrd'r‘ov.
761 1595 835 1663 Quae
851 1604 915 1650 suut
930 1593 984 1649 duo
999 1611 1030 1650 ac
1045 1593 1151 1651 divana

129 1679 202 1754 uocis
226 1679 347 1735 eiusdem
370 1679 541 1752 glossemata.
578 1677 620 1738 bra
644 1696 734 1735 rorem
757 1679 898 1752 signifieat.
929 1675 984 1739 *bra
1006 1678 1048 1734 vel
1071 1675 1152 1739 *lam

129 1765 170 1821 vel
200 1760 279 1824 urbae
308 1781 423 1838 puerum
453 1773 480 1820 et
509 1764 652 1828 infantem,
682 1765 730 1820 sed
760 1765 901 1820 chaldaice
930 1781 983 1819 uon
1008 1762 1151 1825 Hebraiec.

130 1850 218 1919 Quare
241 1849 307 1904 nibil
329 1849 361 1904 ad
384 1849 457 1904 huno
479 1848 569 1904 looum
592 1848 728 1922 posterior
750 1851 801 1905 ista
824 1850 898 1905 notio
921 1849 1050 1922 pertinet.
1113 1853 1150 1901 ‘sn

216 1961 274 2017 611
294 1958 320 2013 b.
351 1951 440 2027 tegere
464 1951 491 2012 δ”
515 1949 554 2014 r'iv
574 1976 634 2025 τις·
658 1951 786 2033 ἔδειξας]
831 1959 950 2032 Angelos
973 1969 1034 2015 ante
1057 1956 1152 2016 mundi

130 2043 347 2119 procreationem
370 2043 455 2099 alleo
472 2043 556 2099 laetos
573 2061 633 2100 esse
649 2044 772 2118 plerique
787 2053 909 2100 veterum
924 2045 1044 2108 Petrum,
1069 2061 1152 2118 prae-

129 2131 223 2186 sertim
246 2129 410 2184 Graecorum
439 2127 559 2184 arbitrati
589 2138 667 2192 sunt,
696 2138 724 2184 et
752 2130 822 2185 inter
849 2140 972 2186 caeteros
1003 2129 1151 2202 Gregorius
1189 2186 1192 2194 ,

129 2214 314 2270 Nazianzenus
331 2214 404 2269 Orat.
423 2215 472 2271 38.
504 2214 588 2282 Quam
611 2215 774 2269 sententiam
791 2214 921 2287 Theologi
939 2215 1046 2286 quidam
1063 2221 1152 2269 teme·

129 2298 227 2354 nariam
249 2306 277 2354 et
299 2299 351 2354 hoc
375 2307 498 2371 tempore
521 2298 601 2354 etiam
624 2299 787 2354 haereticam
810 2299 990 2370 pronunciare
1013 2314 1068 2352 non
1085 2306 1151 2354 sunt

128 2384 215 2440 veriti.
246 2384 275 2439 ln
298 2382 397 2457 quibus
420 2383 590 2457 prudentiam
613 2400 643 2438 ae
666 2383 879 2438 moderationem
902 2383 998 2437 merito
1014 2381 1151 2438 desiderat

128 2468 250 2544 vasquez
274 2467 300 2523 in
328 2470 339 2524 l
365 2467 425 2523 Par.
449 2467 522 2539 Disp.
541 2468 617 2531 224,
640 2467 687 2522 ubi
709 2466 869 2522 validissime
893 2468 1075 2531 demonstrat,
1098 2482 1150 2523 uec
1191 2532 1194 2539 ¹

128 2552 230 2610 erroris
254 2552 429 2608 damnandam
448 2551 519 2606 illam
536 2568 605 2615 esse,
630 2568 719 2624 neque
735 2551 768 2607 ab
784 2550 902 2607 Ecclesia
919 2550 1054 2615 reiectam,
1078 2560 1151 2627 tam-‘-

128 2637 181 2695 etsi
202 2637 284 2711 longe
307 2636 342 2693 sit
364 2636 447 2692 altera
470 2635 644 2710 probabilior,
668 2653 737 2711 quae
753 2635 870 2710 Angelos
893 2644 975 2708 negat
996 2644 1059 2692 ante
1081 2634 1152 2694 coeli

127 2722 293 2781 creationem
317 2738 377 2778 esse
399 2721 557 2795 productos,
581 2721 655 2796 quod
677 2721 843 2795 Epiphanius
865 2720 1047 2795 amplectitur.

153 2894 154 2899 ,
216 2842 276 2899 612
293 2839 320 2896 b.
350 2832 526 2907 ἀποστελεῖς
546 2831 614 2918 γὰρ,
638 2834 729 2916 puer]
755 2839 838 2896 Nimis
861 2841 949 2897 otiose
970 2840 1061 2897 locum
1076 2841 1151 2899 launo

126 2926 357 3069 edielitsdiimsim
381 2925 414 2982 ad
436 2925 484 2981 Dei
507 2924 624 2981 Verbum
646 2925 747 2983 retulit.
777 2925 807 2981 ln
829 2943 883 3000 quo
907 2942 1077 3001 nequaquam
1100 2942 1152 2983 au-

216 3121 276 3178 615
292 3137 317 3176 a.
348 3109 420 3175 odat
441 3109 649 3188 ταυτοούσιος,
672 3111 737 3174 ἀλλ’
762 3110 939 3193 ὃμοούσιος]
972 3117 1085 3172 bilfieile
1107 3124 1151 3173 est

127 3195 331 3263 rourooaiorov
351 3204 445 3260 Latine
467 3204 506 3259 sie
529 3204 687 3277 exprimere,
712 3214 742 3260 ut
764 3205 796 3260 ab
821 3221 853 3260 eo
876 3202 958 3276 quod·
972 3211 1013 3257 est
1035 3193 1152 3273 ὁμοσύ-

126 3306 196 3348 σιον
216 3289 376 3364 distinguas.
416 3288 555 3362 Significat
577 3298 669 3344 autem
691 3290 835 3345 essentiam
858 3304 889 3343 ao
911 3286 1089 3342 substantiam
1112 3285 1149 3340 ita

126 3376 237 3450 penitus
274 3375 402 3438 eandem,
440 3382 471 3428 ut
506 3389 542 3430 ne
573 3390 752 3447 personarum
783 3372 892 3445 quidum
923 3372 1066 3427 discrimen
1099 3367 1151 3426 arl-

127 3461 226 3517 mittat.
