2534 4154
54 378 61 393 .
103 322 105 326 ⁴
175 331 239 393 294
557 400 563 412 ,
631 345 744 396 earam

173 520 267 559 itere.¹
292 500 358 556 Nam
380 499 559 555 laodicenum
582 500 702 575 digamos
725 517 788 564 ens,
811 499 845 555 de
868 499 966 572 quibus
988 500 1119 573 loquitur,
1143 518 1194 575 ap-

174 587 255 661 pellat
276 578 445 661 ilevde‘pmc
459 579 509 640 uod
525 579 891 663 νομίμῑιιςσυναφθέντας
906 579 1060 664 δευτέροις
1072 579 1192 661 γάμοις,

143 716 148 727 .
172 672 293 742 lepitime
315 687 349 725 oc
372 670 459 725 libere
480 672 610 726 secundis
632 672 738 743 nuptiis
760 671 899 741 attractos,
931 671 984 725 hoc
1007 680 1064 735 est,
1087 671 1136 746 qui
1159 671 1193 728 li-⁴

173 757 262 813 centia
288 766 316 812 et
344 754 470 810 facultate
488 754 551 810 silai
572 773 586 810 a
611 755 718 812 Christo
741 763 768 811 et
790 752 907 811 Ecclesia
931 768 1060 812 concessa
1083 756 1128 812 usi
1150 757 1194 812 lo-

173 852 248 904 rent,
278 840 378 913 quique
407 839 433 894 id
455 839 574 913 legitime
597 841 733 897 fecissent.
778 841 807 894 ln
831 856 885 913 quo
908 839 1019 895 ridicula
1042 849 1085 896 est
1106 841 1193 898 luris·

173 926 290 983 consulti
312 924 460 997 expositio,
489 923 626 998 νομίμως
647 925 717 981 idem
741 941 802 981 esse
825 941 855 979 ac
875 926 1027 979 secundum
1049 926 1119 997 lepis
1140 927 1193 982 latt-

171 1028 274 1066 mcnoe
296 1009 446 1084 licentiam.
486 1010 580 1084 Neque
602 1011 673 1066 enim
696 1009 899 1066 Ecclesiasticus
923 1010 968 1065 ille
990 1010 1100 1066 Patrum
1124 1028 1193 1067 con-

172 1112 267 1152 cessus
295 1091 431 1167 νομίμως
459 1094 518 1150 iniri
548 1097 655 1168 nuptias
678 1095 736 1151 illas
759 1091 893 1158 ediceret,
923 1111 990 1167 quas
1013 1094 1088 1150 nullo
1111 1097 1192 1152 modo

171 1180 266 1245 licitas,
289 1196 378 1254 neque
400 1187 471 1234 ratas
494 1197 555 1237 esse
577 1188 765 1253 cognosceret.
796 1177 901 1234 Etenim
924 1180 970 1253 qui
993 1180 1059 1235 citra
1083 1179 1192 1237 adulte-

172 1265 257 1330 rium,
273 1253 401 1322 aliasob
425 1281 543 1330 caussas,
566 1274 680 1338 propter
702 1283 768 1341 quas
792 1263 934 1319 divortium
958 1265 1045 1320 lacere
1069 1265 1192 1348 lmpera-

173 1351 238 1406 toris
260 1349 366 1422 legibus
385 1348 428 1402 ⁴las
448 1358 498 1414 est,
523 1366 633 1405 uxorem
650 1349 790 1412 dimiserit,
814 1348 944 1422 aliamque
961 1348 1076 1412 duxerit,
1100 1350 1128 1404 in
1145 1368 1192 1406 ea*

171 1435 232 1492 dem
254 1452 315 1492 cum
337 1433 466 1490 adulteris
488 1451 583 1490 caussa
606 1435 741 1491 Ecclesiae
764 1432 860 1500 iudicio
876 1433 1042 1512 decretoque
1058 1445 1191 1500 versetur,

171 1536 260 1593 neque
290 1531 336 1576 aut
363 1518 414 1575 levi
442 1520 611 1591 poenitentia
636 1520 745 1593 defungi
772 1525 893 1591 poterat,
924 1527 971 1573 aut
1002 1519 1080 1574 aliter
1110 1537 1191 1595 quam

171 1605 306 1663 dissoluto
330 1605 482 1679 posteriore
504 1605 652 1678 illicitoque
674 1603 870 1667 contubernio,
900 1603 970 1675 illam
993 1603 1079 1676 ipsam
1103 1605 1191 1679 impe-

171 1698 243 1746 trare
266 1689 470 1764 poententiam.
514 1689 743 1758 Quemadmodum
766 1689 894 1753 devotae,
918 1689 970 1744 hoc
993 1697 1044 1754 est,
1068 1707 1140 1762 quae
1159 1708 1192 1748 sa

171 1775 226 1831 lteo
248 1784 488 1840 consecraverant,
511 1776 642 1848 virgines,
665 1784 712 1831 aut
735 1775 841 1838 viduae,
864 1775 890 1828 si
910 1775 1043 1830 maritum
1065 1779 1191 1849 accepia·

169 1867 238 1922 sent,
260 1876 317 1915 non
338 1861 560 1916 admittebantur
580 1862 620 1915 ed
637 1860 847 1932 poenitentiam,
870 1859 927 1914 nisi
948 1859 1040 1914 adhoc
1061 1860 1125 1932 ipso
1147 1864 1189 1918 ct-

117 1954 119 1957 ’
168 1951 250 1999 vente
269 1945 372 1999 metito
394 1942 475 2014 caete
497 1945 786 2017 oioerc'coepissent,
819 1950 869 1998 aut
886 1951 1038 2016 postquam
1059 1945 1121 2016 ipae
1144 1949 1190 2003 da·

77 2057 80 2098 5
169 2029 304 2093 cessisset
328 2029 365 2084 ait
387 2026 551 2085 'toletanum
569 2034 595 2094 l,
619 2030 683 2084 Can.
697 2032 731 2086 16
748 2032 841 2112 θι119.
871 2029 952 2101 Atqui
974 2029 1101 2104 digamos
1123 2030 1190 2090 istos

168 2115 348 2171 Laodicenum
366 2114 513 2172 Concilium
534 2113 608 2170 brevi
631 2123 754 2186 tempore
777 2113 969 2187 poenitentiam
992 2113 1068 2170 obire
1083 2121 1188 2184 statuit,

169 2199 315 2255 Nicaenum
336 2216 400 2255 vero
423 2199 590 2265 donatianis,
614 2208 644 2254 ut
666 2215 727 2254 cum
750 2197 801 2254 illis
824 2198 982 2254 nominatim
1004 2206 1190 2261 communica-

117 2293 246 2349 staturos
268 2302 298 2340 se
321 2301 381 2341 esse
404 2285 593 2358 profiteantur,
617 2284 706 2340 edicit.
753 2284 831 2352 Quod
853 2283 1054 2356 prolectonon
1076 2285 1186 2354 laceret,

169 2369 191 2425 si
213 2369 381 2442 digamorum
404 2371 513 2427 nomine
534 2369 683 2442 llagitiosos
706 2367 766 2424 illos
789 2385 820 2424 ac
843 2368 942 2423 iudicio
957 2360 1190 2433 Ecclesiaefaoat·

102 2478 106 2486 ·
169 2454 229 2510 terii
252 2456 392 2511 damnatos
414 2455 599 2512 intellexisset.
631 2455 784 2518 Praeterea,
808 2463 839 2508 ut
861 2469 941 2527 qnam
964 2452 1080 2511 absurda
1095 2460 1132 2515 sit
1147 2461 1187 2516 ld.

168 2539 302 2595 sententia
324 2540 475 2597 evidentius
497 2548 634 2613 appareat,
658 2539 729 2595 siin
752 2538 798 2594 illo
821 2537 929 2594 Nicaeni
953 2537 1063 2596 Concilii
1079 2540 1190 2602 Ganone

168 2623 265 2695 digami
288 2632 367 2690 sunt,
396 2625 443 2698 qni
465 2633 560 2682 contra
582 2624 782 2681 Ecclesiasticas
805 2622 974 2689 sanctiones,
1001 2625 1054 2681 hec
1076 2638 1135 2696 est,
1159 2639 1189 2687 ut

168 2707 226 2779 ipse
248 2724 309 2763 cum
332 2708 662 2774 Calvinianis-eaistimat,
684 2709 750 2765 citra
773 2724 896 2764 caussam
917 2706 1059 2777 adulterii,
1081 2713 1119 2770 ob
1143 2732 1188 2772 era

167 2808 287 2858 caussas,
310 2793 344 2849 de
366 2792 465 2866 quibus
488 2793 632 2850 divortium
654 2794 755 2850 saeculi
776 2793 851 2867 leges
873 2792 1023 2868 indulgent,
1047 2800 1188 2872 repudiata

61 2949 66 2958 .
167 2877 274 2951 priore,
304 2877 415 2933 alteram
438 2877 489 2934 sihi
511 2879 654 2953 coniugem
676 2879 827 2943 asciscunt,
850 2894 906 2934 non
927 2879 977 2935 alia
1000 2891 1067 2955 puto
1090 2886 1189 2942 condi·

167 2963 241 3018 tione
263 2962 430 3019 Novatianos·
446 2962 480 3018 ad
502 2963 665 3036 iungendam
687 2980 748 3020 cum
772 2963 824 3019 illis
847 2965 1064 3022 communionem
1079 3003 1084 3014 ·
1098 2971 1187 3044 coligit

166 3065 248 3122 quam
268 3057 307 3103 ut
335 3047 468 3105 dissoluto
494 3048 649 3122 posteriore
671 3048 717 3104 illo
746 3047 872 3121 coniugio
899 3049 1081 3108 foedissimam
1115 3055 1186 3111 illam

166 3132 298 3189 maculam
325 3131 493 3206 poenitentia
510 3132 666 3189 diluerent.
709 3132 790 3207 Atqui
812 3149 868 3188 non
890 3135 973 3208 magis
996 3145 1027 3192 ut
1049 3154 1112 3195 cnm
1135 3141 1187 3198 hoc

166 3227 340 3291 peccatorum
360 3235 480 3292 genere,
507 3225 571 3292 post
592 3218 801 3290 poeniteutiam,
831 3235 912 3292 quam
934 3229 965 3277 nt
986 3237 1049 3278 cum
1070 3226 1186 3285 caeteris

166 3303 397 3360 communicarent
417 3302 555 3368 omnibus,
577 3303 619 3359 lea
640 3303 700 3369 ista,
724 3303 869 3378 cautioque
880 3305 951 3362 terri
967 3305 1121 3366 Nouatianis
1136 3311 1199 3368 ‹te--

166 3385 236 3457 lauit,
263 3388 323 3444 Non
343 3388 417 3444 enim
437 3387 570 3445 eiusmodi
593 3387 680 3457 solnm
703 3389 835 3461 digamos,
858 3391 905 3446 sed
928 3408 1119 3470 quoscumque
1137 3397 1186 3453 de-

165 3470 220 3527 licti
242 3473 371 3546 gravioris
394 3490 456 3530 reos
479 3473 513 3529 ab
535 3474 609 3529 omni
631 3490 679 3547 spe
702 3474 901 3531 communionis
923 3474 1105 3536 excluserant.
1132 3480 1187 3538 Gur

166 3554 248 3628 igitur
276 3558 311 3613 de
336 3557 450 3631 digamis
477 3558 545 3623 illis,
574 3557 669 3630 atique
688 3558 804 3616 -nonnisi
833 3561 1029 3634 poenitentiam
1050 3572 1079 3620 et
1101 3565 1184 3624 illiciti

165 3641 282 3715 oeniatqii
298 3641 504 3717 diremptionem
519 3642 700 3708 admittendis,
723 3644 823 3701 diserte
839 3646 1052 3722 nominatimque
1068 3649 1185 3711 Nicaeae
