2534 4154
434 312 722 362 aurnsomasaonss.
1047 301 1087 365 29

71 470 198 533 deducta,
229 470 326 542 partim
348 467 498 541 probabilia
520 468 589 533 sint,
622 487 653 524 ex
675 469 707 524 iis
730 469 860 525 stannulla
883 469 915 526 ab
938 470 1088 543 Epiphanio

68 555 212 612 commissa
241 553 366 626 castigari
394 571 505 610 necesse
535 563 585 609 est.
631 555 751 610 Primum
781 555 854 626 quod
877 555 1029 611 lechoniant
1053 557 1090 612 ait

64 641 153 697 lasiae
176 639 263 694 tilium
286 638 402 694 eundern
425 656 485 694 esse
508 656 570 695 cum
586 640 698 695 Sellum.
729 640 795 694 Nam
816 639 968 697 Matthaeus
992 641 1089 697 lecho-

61 726 138 781 nia'm
161 724 272 796 quidem
294 741 309 778 a
332 724 400 778 losia
422 724 544 796 genitum
566 725 677 792 asserit;
700 724 748 781 sed
770 725 912 780 leohoniae
934 725 1018 781 filium
1034 742 1089 781 non

61 810 222 867 lechoniam
243 809 369 874 alterum,
393 809 442 864 sed
456 808 629 866 Salathielem
645 810 770 883 appellat.
800 810 882 882 Atqui
897 809 1009 871 Sellunr,
1033 812 1088 866 sire

61 896 192 958 13331333,
215 893 320 966 prolem
342 892 438 949 hahuit
455 893 571 960 nullam;
595 912 685 968 neque
701 894 841 951 lechonias
857 894 889 950 ah
905 896 991 952 altero
1007 913 1088 969 quam

62 980 98 1037 ah
123 975 283 1052 apocrypho
304 978 404 1034 Esdrae
422 977 503 1035 Lihro
526 979 690 1035 nominatur.
722 979 904 1048 Quamobrem
919 980 1090 1053 Epiphanius

59 1082 115 1139 per
138 1063 295 1120 lechouiam
312 1064 396 1119 losiae
411 1063 496 1119 filium
511 1064 664 1129 loacimum,
689 1065 743 1120 sive
759 1064 923 1131 Eliaoimum,
941 1066 1087 1133 intellexit;

60 1150 146 1206 cuius
169 1147 241 1204 tilius
264 1148 413 1214 lechonias,
437 1149 563 1223 idemque
586 1150 694 1205 loachin
711 1149 861 1222 appellatus
877 1161 1010 1225 putarat:
1034 1152 1088 1207 Pa-

61 1245 110 1292 ter
132 1242 225 1290 autem
247 1243 382 1308 nuptant.
413 1233 511 1290 Verum
533 1234 633 1290 loahim
656 1251 790 1308 nusquam
805 1235 945 1291 lechonias
967 1246 1087 1292 vocatur.

65 1319 141 1376 Haec
169 1318 256 1391 prima
285 1327 327 1374 est
349 1319 532 1375 hallucinatio.
577 1319 683 1383 Altera,
714 1320 788 1394 quod
815 1320 948 1375 Amasiam
972 1321 1087 1377 eundem

64 1403 232 1467 lechoniam,
256 1403 311 1460 sive
328 1404 480 1460 doahimum
502 1404 631 1470 nominat,
655 1405 729 1476 quod
744 1405 815 1460 unde
842 1405 963 1461 hauserit
985 1406 1088 1462 nescio.

66 1489 159 1546 Tertia
182 1488 358 1560 omniumque
380 1489 545 1561 gravissima,
580 1489 654 1562 quod
676 1490 838 1553 lechoniam,
863 1491 915 1545 hoe
937 1498 979 1545 est
1002 1491 1088 1545 loaci-

66 1591 152 1638 mum,
176 1573 304 1645 genuisse
326 1572 466 1630 sedeciam
488 1591 520 1629 ac
542 1574 686 1630 loacirnum
711 1575 853 1631 existimat.
883 1574 940 1630 Lih.
963 1578 973 1631 1
1000 1574 1086 1630 Paral.

68 1677 128 1732 cap.
144 1661 174 1723 3,
196 1661 231 1714 15
255 1667 427 1731 arquatum
448 1659 534 1717 lasiae
556 1659 627 1723 filiis,
650 1660 758 1724 laadan,
782 1660 891 1723 lachim,
916 1659 1036 1723 Sedecia,
1061 1668 1088 1715 et

68 1744 181 1807 Selium,
205 1743 350 1807 secundus,
373 1761 471 1816 nempe
487 1744 587 1799 loakim
602 1745 697 1817 genuit
712 1744 865 1801 lechoniam
885 1754 911 1800 et
937 1744 1086 1809 Sedeciam‚

68 1829 209 1887 lechonias
232 1827 370 1885 Salathiel.
401 1829 459 1884 Duo
483 1846 547 1902 ergo
570 1829 646 1885 fuere
669 1829 806 1894 Sedeciae,
830 1839 928 1887 neuter
945 1830 1087 1886 lechoniae

68 1914 154 1979 thum
179 1912 227 1968 sed
248 1913 324 1985 prior
346 1914 440 1978 lasiae,
464 1913 510 1986 qui
533 1923 560 1968 et
583 1924 737 1987 postremus
760 1933 792 1970 er
808 1915 911 1970 havidis
935 1916 1018 1987 stirpe
1042 1933 1089 1971 re·

68 1999 173 2072 gnavit;
203 1997 271 2052 alter
292 1998 402 2054 loakimi
423 1999 510 2063 filius,
540 2000 586 2071 qui
609 2017 747 2073 nunquam
770 2018 817 2055 rex
838 2001 903 2055 tuit:
933 2018 1002 2074 qnos
1025 2001 1088 2074 qui-

68 2083 128 2140 dem
151 2083 246 2138 amhos
268 2083 435 2156 Epiphanius
459 2084 624 2156 permiscuit.
655 2084 720 2140 Narn
743 2085 790 2158 qui
812 2085 844 2140 ab
870 2103 902 2140 eo
921 2102 1088 2142 contmemo-

68 2179 144 2225 ratur
166 2167 302 2232 Sedecias,
326 2168 370 2224 ille
393 2178 435 2224 est
456 2170 530 2241 ipse,
560 2169 608 2241 qui
628 2169 733 2242 Regum
755 2170 916 2226 novissimus
938 2171 1086 2243 imperarit.

70 2253 151 2309 Cuius
175 2252 256 2309 etiam
278 2251 387 2308 fratrem
410 2253 557 2308 toakimum
578 2255 703 2327 appeMat,
728 2272 798 2329 quae
820 2264 915 2329 quarta
938 2262 980 2309 est
997 2254 1088 2309 hallu-

70 2338 184 2402 3133ῐίος
209 2337 261 2393 nisi
283 2338 342 2409 quis
358 2337 496 2394 Sedeeiam
519 2337 570 2394 alio
594 2340 703 2395 nomine
725 2340 870 2395 loaeimum
888 2337 920 2394 ah
937 2338 1086 2411 Epiphanio

69 2422 202 2479 nominari
231 2432 354 2485 censeat,
388 2431 419 2479 ut
441 2417 490 2478 nai
511 2414 650 2495 'Imoueipa
679 2423 712 2478 ad
734 2414 922 2494 καλούμενον
943 2421 1086 2478 referatur.

71 2508 147 2576 Quod
170 2516 197 2562 et
220 2505 304 2561 nihilo
327 2507 415 2563 secius
437 2507 533 2563 salsum
556 2517 613 2574 est:
637 2507 747 2563 loakimi
769 2508 869 2580 quippe
891 2506 963 2562 filius
978 2507 1087 2562 loachin
1151 2494 1159 2519 '⁴

69 2592 125 2656 tuit,
151 2592 198 2666 qui
220 2590 289 2647 male
311 2591 356 2648 hic
369 2583 507 2664 Ἰωακεὶμ
529 2592 688 2666 concipitur,
713 2593 789 2648 cuius
805 2600 932 2665 patruum
947 2592 1087 2649 Sedeeiam

71 2677 209 2750 Scriptura
238 2684 324 2732 vocat.
369 2676 479 2734 hieron.
508 2676 536 2732 in
564 2694 623 2749 cap.
650 2680 663 2735 1
689 2677 755 2732 Itan.
778 2677 923 2733 loacimum
947 2679 1032 2735 losiae
1056 2679 1128 2741 ΜΟ

70 2779 117 2834 per
137 2761 202 2826 kim,
226 2761 334 2816 loacimi
356 2779 418 2818 vero
440 2761 525 2818 filium
547 2761 630 2825 scribi
650 2779 700 2835 per
722 2761 784 2818 chin
799 2762 933 2823 observat.
965 2764 1087 2820 Totidem

71 2847 161 2918 paucis
184 2845 235 2903 illis
258 2845 348 2903 verbis
369 2864 384 2902 a
406 2847 575 2903 sanctissimo
599 2847 837 2920 eruditissimoque
859 2849 916 2905 uiro
937 2848 1086 2922 Epiphanio

71 2940 179 3003 peccata
200 2940 281 2998 sunt;
311 2947 427 3003 quarunt
456 2931 601 2988 admonere
623 2933 765 2993 hectorem
788 2933 869 2989 officii
892 2943 933 2990 est
955 2933 1088 2989 instituti-

72 3033 120 3087 que
143 3016 246 3080 nostri;
271 3031 409 3082 excusare,
433 3017 622 3081 humanitatis3
646 3017 824 3082 dissimulare,
847 3027 894 3074 aut
916 3019 987 3074 tueri
1008 3017 1085 3079 velle,

72 3117 157 3174 neque
181 3100 270 3165 officii,
294 3117 384 3173 neque
405 3101 578 3156 humanitatis
602 3110 652 3156 est.

155 3187 193 3243 21
212 3203 235 3240 c.
250 3239 252 3244 ,
265 3180 317 3241 καὶ
336 3180 445 3259 μηδεὶς
465 3181 533 3261 περὶ
555 3177 681 3259 τούτου]
718 3185 767 3242 Hie
794 3185 839 3241 illa
861 3185 947 3258 gravis
970 3184 1086 3256 agitatur

72 3270 210 3340 quaestio,
232 3269 304 3327 sitne
325 3271 352 3325 in
369 3271 496 3327 Matthaei
512 3270 675 3344 Genealogia
696 3270 808 3329 alicuius
830 3287 930 3326 nomen
952 3270 1086 3341 praeteri-

72 3361 135 3411 tum.
167 3353 273 3412 Etenim
294 3355 445 3412 Matthaeus
467 3355 688 3429 generationibus
710 3354 852 3411 recensitis
875 3353 1010 3416 omnihus,
1036 3355 1086 3415 tria

71 3438 208 3494 intervalla
236 3439 390 3513 distinguit,
419 3440 518 3514 quibus
546 3440 658 3514 singulis
686 3443 721 3497 14
744 3439 934 3513 generationes
957 3439 1085 3512 assignat.

71 3521 102 3579 Ut
128 3533 197 3596 puta
223 3522 257 3580 ah
280 3523 431 3583 Abrahamo
459 3526 493 3582 ad
520 3524 644 3581 Davidem
672 3527 721 3581 ld:
753 3523 864 3578 totidem
892 3523 1026 3581 altavida
1054 3526 1088 3582 ad

72 3608 335 3682 transmigrationem
350 3609 507 3684 Babylonis:
531 3627 561 3667 ae
584 3620 722 3683 postremo
745 3608 857 3664 totidem
881 3612 1087 3685 atransmigra-
