2534 4154
153 285 217 355 eto
522 330 541 358 s
612 296 727 346 reatui

153 454 206 510 illic
230 452 384 509 Dominicis
404 451 518 526 singulis
548 451 623 508 iubet
653 451 747 508 audire
775 451 891 507 Missam.
936 451 997 508 Non
1024 462 1067 510 est
1095 455 1180 528 igitur

152 539 348 599 idemaadire
370 537 490 600 Missam
512 553 542 592 ae
564 537 788 605 communicare,
810 554 860 592 nec
884 536 963 593 ambo
985 537 1029 594 illa
1056 538 1176 597 fidelium

152 641 203 683 usu
225 623 416 696 Ecclesiaeque
438 623 535 678 veteris
551 629 691 695 perpetuo
713 623 789 679 luere
811 621 965 679 coniuncta.
1113 676 1114 681 ,

239 701 362 785 τετράδι
385 701 419 774 δὲ
439 702 488 762 καὶ
503 703 536 763 ἐν
549 697 774 786 προσαββάτῳ]
804 707 997 779 Antiquissima
1013 716 1055 765 est
1071 709 1178 765 uuius-

154 811 207 867 que
231 793 321 849 ieiunii
343 793 447 866 religio,
471 793 547 848 euius
570 802 598 847 et
620 792 647 849 in
669 792 792 849 Atriauis
815 808 897 864 supra
919 793 1085 850 mentionem
1110 794 1176 868 egit

153 879 183 939 tr
208 880 308 934 Canon.
331 880 425 951 Apost.
445 880 482 935 69
513 894 574 933 cum
597 876 825 950 Quadragesimali
856 870 1003 953 τετράδος
1024 886 1051 933 et
1073 896 1177 952 παρα-

152 965 263 1036 σκευῆς
282 963 412 1018 iciuaium
435 963 528 1018 cadem
544 962 683 1018 sanctione
700 963 873 1036 praecipitur.
902 963 941 1018 dd
958 979 1037 1038 quem
1054 961 1176 1020 ΒεΙεαιιιο

153 1048 226 1109 istud
247 1047 367 1111 adnotat,
390 1048 502 1120 perinde
525 1046 629 1102 duabus
645 1046 697 1102 illis
713 1047 788 1103 seriis
809 1055 891 1120 atque
917 1046 944 1103 in
971 1047 1176 1121 quadragesima

154 1127 344 1209 ξηροφαγίαν
372 1131 528 1206 praescribi.
575 1132 642 1188 Turn
670 1150 704 1187 ne
733 1131 871 1205 praesenti
899 1131 1008 1206 quidem
1031 1132 1127 1189 mortis
1150 1134 1176 1189 in

154 1217 275 1290 pericula
305 1217 432 1273 carnibus
462 1217 532 1272 vesci
561 1215 653 1272 licere.
698 1217 817 1289 lguatius
845 1217 966 1289 Epist5
997 1218 1029 1274 ad
1058 1216 1176 1291 Philipp.

154 1302 274 1362 eiusdem
296 1303 434 1375 praecepti
456 1301 588 1358 meminit.
619 1302 648 1357 ln
672 1301 785 1359 Constit.
801 1305 896 1375 Apost.
908 1305 935 1367 7,
954 1304 992 1360 24
1015 1319 1111 1358 caussa
1128 1319 1177 1359 cur

153 1381 276 1461 τετράδι
300 1387 472 1442 ieiunandum
495 1388 531 1442 sit
552 1388 620 1443 baec
642 1386 762 1450 allertur,
786 1387 861 1461 quod
884 1395 911 1442 et
933 1387 998 1444 seria
1008 1397 1110 1459 quarta
1127 1387 1179 1460 deq

102 1471 298 1533 356bberatum
321 1490 336 1527 a
352 1472 456 1527 ludaeis
479 1481 521 1526 est
544 1471 576 1528 ale
598 1471 785 1529 interficiendo
802 1471 910 1527 Christo
927 1481 954 1529 et
969 1471 1048 1529 ludas
1064 1489 1176 1545 operam

154 1573 229 1625 snam
252 1557 357 1620 detulit.
390 1557 437 1615 Cui
460 1557 640 1630 adstipulatur
662 1565 688 1612 et
710 1556 808 1612 Petrus
830 1556 1025 1613 Alexandrinus
1049 1556 1175 1614 Ganlb.

152 1643 186 1698 Et
208 1642 315 1717 quidem
338 1641 485 1715 probabilis
508 1650 550 1696 est
571 1641 623 1697 ista
645 1642 723 1697 ratio.
753 1641 838 1710 Quam
861 1658 923 1697 vero
946 1642 991 1698 hic
1006 1642 1175 1714 Epiphanius

153 1728 255 1796 reddit,
285 1727 350 1783 lalsa
379 1736 421 1782 est
450 1736 477 1782 et
498 1727 672 1800 Evangelieae
700 1726 805 1784 veritati
827 1727 971 1783 contraria.
1017 1725 1079 1782 Vult
1102 1728 1174 1784 enim

153 1812 290 1868 Christum
312 1811 454 1868 Dominum
476 1812 542 1866 seria
564 1812 660 1883 quarta
681 1813 918 1884 comprehensum.
951 1811 1039 1879 ¹Quod
1061 1811 1089 1866 in
1112 1811 1176 1867 llia-

153 1895 223 1951 triba
252 1897 285 1951 dc
313 1897 441 1951 Passiooe
470 1896 574 1953 bomini
603 1913 684 1968 supra
713 1897 866 1962 discussum
895 1914 925 1952 ac
956 1895 1104 1959 refutatum
1134 1906 1176 1954 est

153 1983 261 2053 p.173.
302 1979 339 2034 Ile
368 1980 463 2034 iisdem
492 1980 598 2035 ieiuniis
627 1981 792 2036 mentionem
822 1982 961 2037 lacitnon
985 1998 1040 2037 nno
1063 1981 1091 2036 in
1114 1981 1175 2039 loeo

153 2062 334 2123 Tertullianus
358 2073 385 2128 ct
408 2065 542 2124 stationes.
567 2064 618 2120 illis
641 2064 706 2138 ipsis
730 2065 824 2120 diebus
848 2065 916 2124 obiri
940 2065 1113 2122 consuevisse
1136 2067 1177 2122 si-

152 2148 276 2222 gnificat,
300 2158 331 2204 ut
353 2149 378 2204 in
402 2148 448 2204 lib.
472 2148 506 2204 de
528 2149 634 2204 ieiuniis
657 2159 752 2205 eontra
773 2150 934 2222 Psycbicos:
967 2148 1023 2205 Car
1043 2152 1176 2209 statiani·

152 2235 204 2292 bue
232 2243 365 2305 quartam
392 2242 418 2289 et
444 2241 554 2290 sectam
583 2234 704 2290 Sabaea·
732 2235 859 2291 dicamas
889 2243 915 2290 et
941 2235 1057 2292 letaniis
1081 2235 1176 2292 Para-

151 2322 282 2375 aaeaem?
317 2319 350 2375 Et
373 2337 397 2376 c.
415 2321 448 2376 2:
472 2319 519 2376 Sic
542 2327 568 2374 et
589 2318 737 2392 Apostolos
760 2322 941 2390 observasse,
963 2322 1073 2376 oollam
1095 2322 1177 2383 aliud

152 2405 325 2476 imponentes
346 2406 442 2476 taqua
464 2414 603 2460 certarum
626 2413 652 2463 et
672 2406 704 2460 ia
726 2422 868 2460 commane
890 2405 1017 2461 amnibus
1031 2408 1175 2463 obeuntia·

56 2533 57 2537 ,
152 2506 215 2544 ram
235 2490 421 2559 ieiuniorum,
447 2491 568 2561 proinde
590 2507 641 2546 aee
663 2491 830 2556 stationum,
860 2507 934 2563 qaae
958 2498 983 2545 et
1004 2491 1086 2563 ipsae
1107 2508 1175 2547 sace

153 2575 264 2645 quidem
293 2576 351 2631 dies
379 2575 518 2640 habeant,
549 2583 669 2648 quartae
696 2576 788 2646 seriae
816 2582 971 2631 elaeatae.
1017 2575 1175 2633 Cuiusmodi

153 2675 236 2729 porro
259 2657 395 2715 stationes
423 2659 483 2715 illae
514 2660 614 2718 luerint
646 2669 673 2716 et
702 2667 793 2720 utrum
821 2660 920 2724 ieiunia
948 2660 1005 2731 ipsa
1034 2660 1176 2717 Stationes

153 2742 303 2814 appellatae
326 2743 388 2809 sint,
412 2744 493 2816 paulo
517 2753 559 2800 est
581 2746 633 2801 hoc
649 2745 709 2800 loco
724 2744 880 2817 diligentius
896 2745 1096 2820 inquirendum.
1122 2746 1175 2809 lles

154 2826 224 2883 enim
252 2835 371 2883 estnon
395 2828 483 2883 minus
512 2829 602 2885 studio
634 2830 716 2902 digna
745 2846 828 2902 quam
850 2838 963 2903 propter
985 2830 1175 2903 antiquitatem

153 2911 285 2977 obscura,⁴
303 2928 392 2986 neque
414 2913 494 2985 vulgo
517 2914 583 2969 satis
606 2915 723 2987 cognita.

157 3031 198 3061 :w
238 2995 374 3052 stationes
404 2997 487 3070 igitur
515 3007 601 3053 statos
629 2995 791 3059 ieiuniorum
817 3016 881 3055 esse
904 2999 961 3055 dies
982 2999 1124 3055 Pamelius'
1143 2999 1176 3065 ad

150 3080 198 3137 lib.
222 3081 256 3137 de
273 3081 384 3138 Corona
401 3082 454 3140 llil.
478 3100 502 3139 c.
516 3086 548 3140 ll
576 3083 686 3140 scribit:
709 3083 876 3157 metaphora
899 3102 918 3140 a
938 3085 1075 3141 natilibus
1098 3093 1171 3150 ονια,

151 3168 225 3239 qaod
245 3169 371 3238 quandia
393 3168 423 3232 ip
444 3170 566 3224 statione
589 3177 678 3233 creat,
700 3169 829 3229 ieiunare
845 3185 891 3225 eoa
906 3170 1064 3242 oportebat.
1093 3171 1175 3240 Quod

152 3259 181 3311 et
201 3251 264 3307 alibi
285 3252 385 3324 passim
406 3254 515 3326 repetit.
546 3257 583 3310 Ae
605 3253 736 3312 Ieiunium
759 3254 868 3325 quidem
890 3255 1035 3311 stationem
1051 3271 1112 3312 cum
1128 3254 1174 3320 alii

151 3335 274 3408 plerique
290 3347 394 3401 vocant,
419 3348 478 3395 tum
493 3338 605 3394 Hermas
627 3339 673 3395 lib.
693 3343 719 3393 3.
744 3339 831 3395 Simil.
849 3342 883 3396 5:
908 3339 983 3408 Quid
1000 3348 1050 3407 est,
1074 3340 1175 3414 inquit.

151 3421 258 3477 atalia?
285 3421 323 3476 Et
345 3423 414 3487 atat,
437 3424 587 3480 Ieiunium.
620 3423 766 3483 libeberos
787 3423 897 3487 Maurus
918 3425 965 3483 lib.
983 3424 1057 3485 lde
1079 3426 1171 3484 lustit.

153 3503 247 3561 Cleric.
271 3508 343 3565 c.18
367 3525 399 3564 cx
428 3508 597 3581 quorundam
624 3508 758 3572 sententia
780 3509 852 3566 inter
872 3510 1001 3567 ieiunium
1025 3521 1052 3567 et
1075 3511 1175 3568 statio-

152 3605 213 3656 nem
237 3590 263 3647 id
284 3594 417 3649 interesse
439 3592 541 3658 scribit,
566 3594 638 3668 quod
661 3593 789 3650 ieiunium
812 3595 1007 3666 indifferenter
1020 3598 1174 3657 cuiuslibet
