2534 4154
477 291 765 342 anmaaruastonas.
1068 281 1130 344 1113

109 445 180 502 illud
204 453 247 501 est
267 444 373 518 dogma,
397 442 455 500 siue
478 444 532 501 ulla
551 445 793 502 consubstantialis
816 447 953 504 mentione
969 448 1133 504 1111133113·-

114 531 149 588 tri
171 529 300 586 duntaxat
321 529 435 585 similem
458 547 519 586 esse
541 529 712 587 substantia?
742 532 896 604 -Nunquam
918 532 945 587 id
967 533 1132 606 Epiphanius

108 614 258 672 scriberet.
303 615 391 682 Quare
420 615 520 671 frustra
542 616 673 672 haetenus
697 634 791 673 omnes
820 617 941 672 arbitrati
974 628 1037 674 3331
1066 620 1133 674 baec

115 700 258 774 Epiphanii
281 717 350 764 esse,
375 716 443 773 quae
466 709 530 755 sunt
547 701 633 774 basilii
657 719 687 756 ao
703 702 939 758 Semiarianorum.
971 703 1047 770 Quod
1071 705 1134 778 qui<-

108 786 176 842 -dem
199 792 350 863 tameerto
374 784 488 840 anobis
512 784 750 851 demonstrabitur,
775 804 853 842 nemo
877 796 906 842 ut
923 787 1049 861 refragari
1066 807 1132 861 pos-

113 871 158 935 sit,
183 869 234 925 nisi
255 870 302 942 qui
325 869 436 924 meridie
457 869 549 926 lucere
573 879 663 941 neget.
693 871 779 943 igitur
798 865 879 943 'capt
902 872 953 927 sub
969 873 1049 928 llnem
1065 875 1131 929 duas

114 971 144 1012 se
167 954 301 1027 Epistulas
332 953 465 1010 subiicere
488 957 646 1027 prolitetur,
677 973 755 1010 unam
779 956 881 1020 basilii,
911 957 1021 1013 alteram
1045 957 1131 1013 basilii

112 1057 147 1096 ac
174 1039 283 1111 Georgii
317 1039 459 1095 Laodiceni
493 1048 716 1113 caeterorumque
750 1041 986 1097 Samiarianorum.
1031 1043 1132 1099 llarurn

113 1125 190 1197 prior
211 1142 225 1178 a
248 1141 307 1196 cap.
325 1126 341 1179 ‘2
361 1124 392 1180 ad
414 1126 447 1181 l2
472 1141 559 1198 usque
581 1125 742 1180 subtexitur.
774 1125 896 1180 Secunda
919 1127 991 1182 nulla
1013 1128 1130 1189 aliaest,

108 1199 166 1266 ,nisi
195 1226 263 1281 quae
292 1207 325 1262 ab
352 1209 404 1265 boc
426 1210 485 1282 ipso
508 1212 615 1281 33312
640 1210 766 1282 deinceps
789 1213 922 1284 sequitur.
967 1212 1045 1279 Quod
1067 1230 1131 1268 3333

106 1295 181 1350 citra
211 1293 350 1366 ambagem
372 1311 480 1349 omnem
501 1294 697 1367 Epiphanius
692 1312 749 1369 ipse
771 1295 918 1367 significat,
947 1297 993 1368 qni
1015 1314 1073 1369 cap.
1093 1300 1130 1354 23

107 1387 178 1453 post
200 1379 307 1478 longam
331 1379 402 1433 illam
425 1379 633 1451 disputationem
656 1397 670 1434 a
693 1397 751 1452 cap.
765 1383 800 1436 12
825 1381 1005 1453 propositam,
1030 1381 1065 1436 ita
1089 1382 1132 1437 lo—

112 1464 222 1536 quitur:
254 1446 344 1520 αὗται
374 1455 406 1518 oi
434 1459 589 1520 ἐπιστολαὶ
617 1458 826 1540 ptereadyponr
853 1458 931 1538 πρὸς
958 1459 994 1522 τὰ
1022 1459 1131 1521 ειιλένιιι

107 1542 250 1605 Ιἕκαστον
268 1549 331 1604 τῶν
358 1542 529 1624 φιλολόγων
551 1558 602 1604 313.
648 1551 713 1606 Η33
732 1556 820 1622 porro
842 1549 989 1622 Epistulae
1011 1569 1039 1605 3
1051 1551 1131 1606 nobis

110 1634 159 1688 bie
188 1640 313 1689 attentae
340 1642 405 1688 3331
434 1642 484 1688 eto.
529 1633 600 1705 Ergo
630 1627 721 1707 plnies
750 1643 955 1691 antecesserunt
982 1635 1129 1707 Epistulae,

113 1719 251 1786 Quaenam
274 1727 364 1774 autem
387 1719 470 1774 altera
494 1727 544 1780 est,
568 1718 619 1775 nisi
638 1719 690 1784 illa,
715 1736 793 1792 quam
810 1719 932 1783 diximus,
955 1738 1026 1793 quae
1041 1739 1055 1775 3
1071 1738 1128 1792 cap.

104 1803 211 1860 ,12331
235 1804 273 1859 23
304 1803 436 1858 exclusive
465 1801 639 1860 continetur?
682 1805 721 1859 lta
744 1804 865 1876 prolecto
888 1822 949 1860 sese
973 1822 1016 1864 ros
1039 1805 1128 1861 babet.

104 1887 295 1944 -Eibrariornm
320 1905 350 1942 ea
372 1888 450 1959 culpa
474 1888 533 1952 luit,
539 1888 606 1982 qui
628 1889 711 1962 priori
734 1889 882 1962 Epistulae
893 1890 1041 1962 Spnodicae
1063 1890 1131 1946 sub-

105 1972 255 2029 ¹scribenda
286 1973 353 2028 baec
383 1981 528 2072 putaruntt
533 1973 637 2028 omnia:
668 1964 835 2074 a‘nlrpppddrp
857 1977 920 2030 atriu
941 1970 1008 2051 περὶ
1031 1971 1130 2032 Βασι-

103 2056 194 2113 -λειον
220 2075 269 2112 και
295 2050 358 2111 Γ
321 2073 446 2132 ectropion
473 2049 488 2114 ὃ
513 2075 586 2132 vno
573 2077 740 2132 ινηματισ
743 2077 795 2125 tog
840 2059 917 2128 erod
940 2079 1001 2116 esse
1023 2061 1128 2125 1313331,
1199 2064 1204 2069 ’

112 2159 198 2199 unum
227 2141 291 2197 illud
314 2152 474 2214 argumento
498 2153 554 2208 331,
583 2143 655 2239 quod
679 2161 733 2200 333
757 2162 770 2198 3
793 2145 909 2217 Georgia
933 2145 1065 2218 Synodion
1087 2146 1130 2200 illa

106 2228 214 2299 scripta
238 2235 288 2289 331,
312 2229 359 2282 sed
383 2245 414 2283 eo
437 2228 559 2290 absente,
584 2229 697 2302 eiusque
719 2229 856 2285 literarum
881 2230 1022 2284 occasione
1045 2229 1131 2284 3113-

110 2312 173 2368 31113
197 2329 227 2367 33
250 2312 360 2385 reliquis
386 2315 507 2386 Ancyrae
529 2314 699 2386 congregatis
723 2323 764 2369 cst
788 2315 866 2377 edita,
892 2322 921 2369 ut
935 2314 1010 2368 initio
1027 2323 1130 2369 testan-

112 2406 168 2452 tur.
205 2396 386 2464 Quamobrem
410 2397 444 2452 ita
468 2397 687 2469 distinguendum
711 2407 761 2462 est,
786 2391 961 2473 inlppnidrp.
993 2398 1049 2454 Η33
1072 2407 1128 2453 est:

113 2482 259 2537 Hactenus
281 2481 413 2553 Epistola
435 2482 584 2552 Synodion.
629 2482 696 2537 Tum
719 2483 790 2556 qrrod
814 2484 947 2558 reliquom
971 2493 1013 2539 est
1033 2483 1130 2537 133333

112 2575 155 2622 331
178 2564 318 2638 'sequentis
347 2567 559 2631 dissertationis,
590 2567 651 2622 τῶν
678 2565 744 2641 napi
768 2563 931 2624 Βασίλειον
953 2564 1001 2623 καλ
1027 2565 1054 2622 Γ
1053 2562 1130 2643 3313-

112 2667 179 2726 γιον
205 2643 222 2708 ὃ
250 2643 541 2724 ὑπομνηματισμόςε
570 2652 674 2723 Basilii
700 2670 734 2706 33
761 2651 875 2724 6333311
899 2653 1128 2708 Commentarios.

112 2737 171 2792 Non
195 2737 266 2792 enim
289 2744 341 2791 tam
366 2746 406 2792 est
428 2737 547 2809 Epistola
575 2754 655 2810 quarn
678 2737 738 2792 fidei
761 2738 872 2793 uberior
893 2740 1033 2811 expositio,
1068 2750 1180 2799 3331333

112 2839 208 2891 eorum
232 2821 395 2886 narratione,
419 2839 488 2894 qrrae
511 2823 537 2877 in
560 2840 625 2877 nova
643 2822 730 2877 Sirmii
753 2825 937 2896 componenda
958 2825 1130 2879 133331313-

113 2914 156 2962 ter
178 2906 328 2970 Ursatium,
357 2908 494 2964 Valentem
518 2916 544 2962 et
565 2907 706 2971 Basilum,
730 2909 875 2982 lloorginnr
897 2927 928 2965 ac
950 2909 1129 2983 Serniariauos

102 2992 233 3065 reliquos
256 2992 420 3066 3331133331.
451 2993 608 3064 Quanquam
632 2993 720 3065 potuit
742 2995 785 3049 bie
806 2995 864 3068 ipse
888 2993 1129 3048 commentariolus

112 3077 249 3149 Epistulae
271 3077 356 3133 instar
378 3078 410 3133 ab
435 3077 615 3134 Orientalibus
632 3078 802 3134 semiarianis
825 3080 858 3134 ad
873 3079 1040 3133 Ariminense
1057 3077 1129 3132 Con-

105 3161 203 3218 cilium
227 3171 254 3218 et
277 3163 461 3219 Occidentales
484 3163 632 3235 Episcopus
656 3164 732 3218 mitti.
769 3163 833 3218 Nam
857 3162 906 3216 snb
930 3163 999 3216 idem
1022 3171 1128 3234 tompus

103 3247 281 3320 perscriptus
304 3248 416 3312 videtur,
440 3265 494 3322 qno
514 3248 608 3303 Valens
632 3249 655 3303 ei
680 3247 808 3303 lornaulae
831 3247 1003 3301 subscribere
1026 3247 1058 3302 ab
1075 3249 1129 3302 113-

112 3342 239 3406 peratore
263 3342 372 3388 coactus
395 3341 445 3397 est,
469 3350 538 3404 quae
562 3332 657 3389 Filium
681 3350 729 3405 per
751 3337 837 3387 omnia
862 3332 947 3386 Patris
971 3349 1031 3386 esse
1054 3332 1129 3387 sirni-

112 3417 166 3473 lem
189 3417 336 3481 asserebat,
360 3425 391 3472 31
410 3435 441 3472 ex
457 3434 515 3489 cap.
534 3420 572 3475 22
596 3416 738 3479 constabit,
762 3416 795 3470 ad
811 3417 883 3489 quod
899 3416 1036 3480 nonnulla,
1060 3435 1129 3490 quae

113 3503 168 3560 huo
190 3504 336 3575 pertinent,
360 3502 539 3558 conferemus.
581 3502 668 3564 Vides,
693 3502 797 3564 Lector,
822 3502 915 3573 quanti
937 3503 1066 3558 momenti
1085 3521 1128 3558 res

102 3597 167 3645 ..tam
191 3588 241 3661 levi
264 3607 296 3644 33
319 3586 509 3643 observatione
528 3595 674 3644 consecuta
697 3586 740 3652 sit,
764 3597 795 3643 ut
811 3585 1013 3643 Haeretioorum
1035 3588 1130 3664 dispu-
