2534 4154
171 309 233 371 iti
377 318 384 329 ·
575 366 577 370 ,
606 319 760 378 ,carnin

168 477 296 533 maiorem
317 477 345 531 in
369 474 478 530 modum
502 473 651 530 confirmat.
683 472 730 529 Est
753 473 824 530 enim
846 473 990 530 Laodiceni
1007 472 1119 529 Consilii
1138 471 1189 528 Ca·

168 580 222 618 non
248 564 301 617 57:
330 550 378 616 ὅτι
405 552 440 614 οὐ
460 554 519 614 dei
541 555 573 615 ἐν
598 561 666 624 ταῖς
693 548 888 632 κώμαιςίιαὶ
916 553 948 614 ἓν
979 559 1053 623 ταῖς,
1070 547 1191 633 χώραις

168 641 382 701 καθίστασθαι
405 636 620 712 Ἐπισκόιιους,
649 635 729 698 ἀλλὰ
750 635 961 718 aecaniensis·
990 637 1064 709 τούς
1083 636 1189 715 μέντοι

73 741 75 745 ’
167 723 482 802 προκατασταθένιας
502 723 607 802 μηδὲνΙ
620 720 764 804 πράττειν
785 720 857 784 ἄνευ
880 720 1002 802 γνώμης
1022 726 1079 784 τοῦ
1101 722 1189 805 ἐνιπῇ

167 809 261 873 πόλει.
307 814 390 882 Quod
417 831 474 869 noo
501 821 630 886 oporteat
651 813 681 868 tn
703 814 809 871 sitiatis
832 819 858 868 et
879 814 909 869 in
932 815 1009 883 apris
1030 812 1191 886 Episcopos

167 901 314 964 comitati,
342 901 392 957 sed
418 899 588 954 visitatores.
637 897 829 955 Verumtamen
855 899 1022 970 iampridem
1044 897 1192 953 consaluti

166 987 240 1042 nihil
260 985 371 1056 saciata
385 992 502 1056 praeter
517 973 716 1039 conscientiam
730 983 867 1056 Episcopi
881 984 1014 1038 ciuitatis.
1045 983 1082 1039 lle
1099 981 1191 1039 Char·

168 1070 303 1144 episcopis
330 1067 515 1141 praescribere
544 1069 664 1132 videtur,
694 1085 763 1141 qnos
794 1069 943 1142 Episcopos
959 1068 1110 1138 agnoscit,
1141 1067 1193 1124 sed

168 1155 293 1228 usurpari
314 1154 341 1209 id
363 1154 477 1226 amplius
500 1162 579 1218 vetat,
603 1170 692 1225 neque
715 1153 843 1226 deinceps
865 1153 897 1208 iis
913 1153 939 1209 in
955 1152 1021 1209 locis
1037 1153 1192 1227 Episcopos

168 1241 239 1312 eligi.
285 1239 368 1307 Quam
397 1238 505 1312 quidem
529 1239 695 1295 sanctionem
718 1255 887 1312 nequaquam
912 1237 1081 1295 observatam
1104 1237 1191 1296 tuisse

168 1325 232 1381 satis
255 1342 286 1381 aa
309 1325 510 1387 demonstrant,
541 1341 610 1398 quae
633 1340 664 1378 en
687 1323 856 1381 Antiocheno
880 1322 1000 1379 Concilio
1023 1331 1051 1378 et
1072 1321 1193 1380 alioruin

167 1410 276 1466 Petrum
300 1409 416 1465 decretis
438 1408 586 1464 attulimus.
1048 1446 1050 1451 ,
1163 1426 1185 1439 ··

252 1495 291 1550 hd
314 1510 445 1550 summam
470 1492 663 1566 Chorepiscopi
686 1493 741 1567 τῆς
758 1484 873 1569 χώρας,
890 1510 966 1565 ,quae
988 1491 1053 1548 alirn
1075 1492 1194 1566 proprie

124 1574 312 1656 --2aapotm'a
334 1579 483 1643 dicebatur,
506 1577 647 1650 Episcopi,
672 1594 703 1632 ac
725 1578 867 1642 rusticanis
890 1576 1016 1633 Ecclesiis
1039 1577 1192 1650 praepositi

167 1665 286 1721 luerunt.
319 1664 356 1719 lle
380 1679 496 1737 qnorum
518 1662 689 1718 institutione
712 1662 833 1719 Balsama
856 1662 889 1717 ad
917 1667 950 1720 14
976 1661 1040 1717 Can.
1057 1661 1190 1719 Neocaes.

155 1749 278 1818 ¹Concilii
302 1748 338 1804 ita
361 1749 494 1820 disputat:
518 1747 667 1820 Episcopos
688 1748 715 1802 in
738 1748 828 1803 locum
849 1746 1043 1819 Apostolorum
1065 1748 1100 1803 12
1126 1764 1194 1804 suc-

168 1834 292 1897 cessisse,
317 1832 415 1905 qnibns
437 1831 536 1904 ligandi
559 1832 733 1907 solvendique
749 1842 871 1905 potestas
886 1841 928 1888 est
942 1831 1013 1887 data.
1057 1831 1113 1887 Sed
1127 1836 1193 1888 curn'

168 1918 200 1973 ad
229 1917 363 1989 Evangelii
392 1917 632 1988 praedicationem,
662 1926 838 1990 caeterasque
867 1917 1020 1972 lunationes
1048 1915 1194 1975 obeundas

168 2001 290 2074 Apostoli
313 2001 421 2055 minime
443 2000 608 2063 sufficerent,
632 2000 767 2056 adhibitos
788 2005 815 2057 in
838 2001 1013 2057 consortium
1028 2010 1123 2058 certos
1138 2003 1193 2058 bct-⁴·

169 2087 265 2150 rnines,
288 2089 334 2159 qui
356 2085 496 2157 Discipuli
517 2085 630 2139 domini
648 2095 821 2152 ,vocarentun
846 2088 891 2159 qui
915 2087 1021 2160 quidem
1045 2086 1194 2143 remitten-

169 2171 264 2228 dorum
289 2180 462 2244 peccatorum
484 2179 620 2244 potestate
643 2180 776 2226 carerent.
807 2171 910 2227 llorum
932 2171 964 2227 etl
987 2171 1190 2240 similitudinem

170 2256 389 2328 chorepiscopos
419 2256 503 2311 luisse
530 2255 674 2320 sullectos,
704 2255 750 2329 qui
773 2255 974 2313 Ecclesiasticas
1002 2257 1134 2329 pecunias
1163 2258 1189 2313 in

168 2359 305 2416 pauperes
328 2341 485 2397 dividerent.
523 2341 597 2398 Unde
620 2356 708 2413 ireque
732 2341 910 2414 Presbyteros
932 2358 963 2397 ae
985 2340 1121 2397 Diaconos
1143 2359 1193 2398 or-

168 2427 262 2482 dinare
289 2436 421 2499 possunt,
449 2443 538 2499 neque
567 2435 676 2499 peccata
704 2427 860 2490 remittere,
888 2425 1117 2498 quemadmodum
1141 2443 1194 2484 nec-

168 2512 236 2568 lxx
263 2511 387 2584 discipuli
408 2520 543 2584 poterant.
589 2511 660 2567 llaec
681 2511 739 2567 fere
761 2511 893 2567 balsamo.
926 2509 975 2566 Ubi
998 2510 1071 2583 qnod
1094 2511 1195 2569 cernit*

169 2597 314 2652 modorum
336 2604 499 2668 potestatem
522 2605 695 2669 peccatorum
714 2595 922 2670 chorepiscopis
945 2595 1045 2658 adimit,
1070 2596 1195 2653 assolis

168 2679 310 2752 Episcopis
339 2680 448 2746 tribuit,
477 2697 533 2754 quo
562 2697 645 2736 sensu
673 2681 773 2737 dietum
802 2682 839 2737 sit
866 2681 946 2754 paulo
970 2688 1033 2753 post
1054 2679 1194 2737 declarat·

169 2753 216 2820 ὅτι
238 2755 267 2820 oi
291 2756 378 2839 ἱερεῖς
400 2756 435 2819 οὐ
459 2758 603 2821 δύνανται
626 2759 771 2838 δέχεσθαι
793 2760 968 2841 λογισμοὺς,
992 2759 1043 2819 καὶ
1068 2756 1194 2865 ἀφιέναι

170 2841 333 2925 ἁμαρτίας,
356 2843 382 2903 ei
402 2841 445 2921 pr)
468 2844 668 2924 ἐκχωρηθιόσι
691 2851 791 2906 ταῦτα
812 2844 976 2929 nopsiaco
991 2840 1194 2907 Επισιιόιιαιι.

169 2932 234 2991 Non
253 2941 374 3006 pussant
388 2932 563 2997 Sacerdotes,
586 2942 617 2989 at
637 2951 688 2990 nec
706 2934 906 3032 Charopiscopt'
927 2934 1129 3006 consessiones
1136 2951 1193 2992 ear-i

162 3018 279 3093 ,cipere
301 3035 391 3090 nepam
409 3025 531 3090 peccata
553 3021 700 3083 remittere,
722 3021 781 3076 nisi
802 3021 838 3076 ab
860 3020 1003 3093 Episcopo
1021 3029 1194 3091 potestaten

119 3106 250 3179 tarpeios
271 3104 493 3176 impetraverint.
523 3106 611 3176 hinne
633 3105 686 3160 hoc
707 3105 862 3178 depublicet
877 3105 1074 3178 poenitentium
1090 3123 1195 3163 rocam

171 3190 306 3249 ciliatione
328 3189 497 3263 potissimum
521 3188 724 3262 intelligendum
743 3200 799 3255 est,
822 3207 903 3263 qnam
925 3189 958 3245 ab
981 3189 1118 3262 lipiscopo
1140 3191 1193 3247 trie

170 3274 217 3330 bui
235 3274 372 3331 ¹(hannones
400 3273 604 3346 praescribunt:
634 3275 708 3333 velut
735 3276 761 3331 in
787 3275 912 3349 Carthag.
930 3278 958 3339 3,
982 3274 1047 3330 usn.
1064 3277 1121 3333 32:
1150 3273 1192 3333 ta

169 3359 330 3433 Presbyter-
351 3361 510 3415 inconsulto
537 3357 679 3432 Episcopo
711 3377 768 3416 non
796 3361 958 3416 reconciliet
974 3359 1190 3417 ¹Paenitentetn.

170 3443 224 3501 Leo
253 3460 364 3518 quoque
385 3443 508 3501 Pontifex
531 3444 615 3517 Epist.
633 3447 672 3503 88
701 3445 773 3501 inter
800 3461 847 3509 ea,
878 3462 947 3519 quae
975 3444 1026 3500 soli
1053 3444 1196 3519 Epiacopo·

171 3545 309 3594 concessa,
333 3528 534 3604 chorepiscopo
558 3538 654 3602 negata
676 3529 749 3592 dicit,
773 3529 936 3602 noetipsun
958 3538 1100 3586 recenset:
1133 3529 1193 3589 Ne·

171 3628 238 3693 pue,
268 3613 369 3686 inquit,
388 3616 501 3687 poetice
522 3615 633 3691 quidem
654 3616 685 3672 in
706 3613 799 3672 Missa
819 3614 1196 3688 nmquaml'ocniteotent
