2534 4154
142 299 203 361 116
521 336 538 362 -.
598 311 711 361 rurivu

139 468 222 532 lieris,
245 469 381 523 meminit:
406 467 445 522 uti
467 467 592 522 nimirum
615 465 706 540 plures
727 467 754 521 in
771 465 863 522 eaiiern
880 464 947 521 urbe
963 465 1044 521 Tituli
1060 464 1161 530 forent,

141 554 240 629 quibus
264 552 376 625 singulis
399 562 465 607 suus
489 551 634 607 attributus
658 560 730 606 esset
743 550 902 624 Presbyter,
925 551 971 623 qui
987 550 1181 626 Ecclesiaste,

140 639 360 695 0101000110000
383 636 437 692 illic
459 635 555 692 obiret.
597 636 650 692 Sed
672 635 734 691 alibi
757 645 846 691 tamen
869 635 1025 708 iampridem
1048 635 1163 691 institu-

141 730 199 781 tum
222 723 292 778 idem
315 722 415 777 fuerat:
440 722 512 776 velut
533 721 642 782 Eumae,
666 720 711 777 ubi
734 738 784 793 per
799 720 902 778 Titulos
925 719 1062 776 distributi
1077 712 1182 779 Prw'

140 805 229 883 byteri
251 824 316 862 suos
339 808 439 880 quique
456 806 571 878 populos
587 805 727 879 regebant.
755 804 794 861 nd
810 822 856 860 eos
872 805 998 878 Episcopi
1014 805 1163 863 Dominicis

141 891 237 948 diebus
260 892 430 954 fermentum,
455 892 510 946 sive
529 891 701 946 benedictum
716 907 813 963 panem
828 889 856 945 iu
872 889 1070 964 communionis
1085 907 1162 964 sym-

141 975 235 1033 bolum
262 977 369 1032 mittere
399 985 604 1051 consueverant.
649 976 823 1031 innocencius
852 975 884 1030 ad
907 974 1065 1030 Decentium
1089 991 1114 1031 0.
1132 976 1161 1032 5.

141 1060 184 1117 De
210 1062 345 1133 semente
373 1078 454 1126 uero,
483 1062 622 1132 quoditie
644 1059 790 1115 Dominico
809 1077 865 1132 per
889 1060 995 1117 Titulos
1016 1060 1162 1125 necunde,

141 1147 281 1219 ceperliue
302 1163 354 1200 nos
377 1149 522 1201 consulere
543 1146 668 1209 notuisti,
691 1161 868 1200 cumontnec
882 1143 1028 1200 Ecclesiae
1045 1152 1172 1200 nostroe

140 1232 218 1288 iutra
240 1232 380 1299 ciuitatem
401 1232 458 1285 sint
480 1231 659 1293 constitutae,
684 1245 805 1301 quantun
827 1229 1001 1300 Presbyteri,
1025 1231 1093 1301 quia
1116 1231 1163 1285 die

140 1317 195 1373 1010
221 1325 339 1388 propter
361 1317 471 1388 plebem
493 1317 548 1370 sibi
568 1315 744 1369 commissum
765 1315 909 1369 nobiccum
931 1315 1080 1370 conuenire
1103 1332 1163 1370 οοα

140 1409 265 1474 metunt,
288 1402 352 1456 ideo
373 1401 538 1472 fermentum
560 1417 578 1454 ο
600 1401 681 1455 nobie
704 1399 858 1470 consectum
878 1416 931 1471 per
953 1399 1097 1469 acolythos
1112 1416 1162 1455 ue-

141 1486 257 1561 et’pt'unt,
280 1494 310 1541 ut
331 1502 361 1540 sc
383 1504 402 1540 ο
423 1493 521 1541 nostra
543 1485 743 1548 communione,
765 1485 888 1541 00001000
908 1485 962 1540 illu
984 1485 1163 1539 (11000010-

142 1571 233 1627 dicent
260 1577 418 1643 separatos.
463 1569 540 1638 Quod
569 1586 583 1625 a
606 1569 752 1625 Meicltiade
775 1569 953 1625 coustitutum
975 1568 1058 1624 fuisse
1080 1568 1164 1626 Liber

141 1655 305 1712 Pontificalis
335 1639 438 1710 bamdsi
471 1654 560 1710 tradit.
589 1653 695 1710 Laudic.
719 1653 801 1710 Couc.
826 1652 948 1710 (10011.
986 1652 1163 1726 Eulogiarum

141 1741 253 1796 istarum
282 1740 418 1795 meminit:
449 1735 516 1813 napi
544 1740 600 1794 τοῦ
620 1733 664 1813 μὴ
686 1733 725 1794 τά
747 1728 820 1814 ἅγια
842 1733 884 1804 εἰς
906 1730 995 1812 λόγον
1016 1729 1163 1814 εὐλογαόν

141 1818 219 1880 κατὰ
242 1818 298 1898 τὴν
320 1815 427 1899 ἑορτὴν
449 1826 503 1879 τοῦ
519 1816 635 1896 Πάσχα
657 1819 699 1890 εἷς
720 1814 825 1899 ἑτέρας
846 1817 1008 1899 παροικίας
1029 1817 1163 1897 διαπέμ-

92 1924 104 1957 ·.·
140 1905 264 1965 neubon.
308 1908 362 1963 Sed
389 1909 422 1963 de
452 1910 504 1964 hoc
532 1908 585 1963 ritu
614 1907 737 1980 pluribus
763 1909 790 1963 in
811 1907 913 1964 Ecolcs.
938 1910 1007 1962 dnn.
1029 1907 1163 1965 baronius

140 1994 173 2049 Δ.
191 1994 260 2049 313.
291 1993 350 2048 Non
372 1992 466 2047 dubito
490 1991 635 2047 maioribus
659 1992 787 2048 duntaxat
809 1992 834 2047 iu
854 1992 968 2049 urbibus
984 1992 1077 2065 plures
1091 1993 1164 2051 intra

140 2077 279 2160 pomoeria
303 2077 405 2132 Titulos
428 2078 520 2139 tuisse,
544 2093 604 2132 cum
627 2077 696 2132 iutra
719 2077 813 2132 eadem
838 2085 914 2150 septa
936 2077 1070 2133 contineri
1091 2065 1164 2135 000-

142 2178 195 2236 que
224 2162 368 2218 convenire
391 2179 445 2217 nou
468 2171 596 2235 possent,
626 2161 749 2234 adeoque
772 2161 950 2234 Presbyteros
973 2161 1087 2235 singulis
1109 2163 1164 2220 Ec-

142 2247 230 2304 ousiis
253 2247 403 2321 impositos.
448 2248 477 2303 10
506 2244 654 2302 minoribus
688 2254 779 2303 autem
807 2263 838 2302 ae
859 2247 949 2303 miuus
970 2246 1164 2321 frequentibus

141 2332 247 2406 oppidis
277 2350 357 2387 uuam
386 2333 514 2388 duntaxat
536 2330 681 2387 Ecclesiam
711 2332 847 2396 extitisse,
877 2333 903 2386 iu
933 2348 1013 2404 quam
1041 2333 1163 2389 universi

141 2417 319 2474 confluerent.
351 2416 506 2473 Cuiusmodi
530 2416 608 2489 Cypri
631 2416 713 2472 urbes
736 2425 821 2473 eruut.
852 2415 928 2472 Unde
950 2416 1023 2491 quod
1045 2417 1164 2473 Alexan·

142 2502 214 2559 driae
237 2511 377 2575 receptum
400 2511 474 2566 crat,
499 2503 571 2557 velut
593 2501 769 2574 popularibus
793 2502 847 2557 suis
870 2501 1044 2574 peregrinum
1067 2510 1095 2559 et
1116 2502 1164 2559 iu·

141 2586 271 2643 micarum
293 2587 428 2643 adnotavit
450 2587 625 2660 Epiphanius.
666 2587 735 2642 Hinc
756 2586 833 2658 urigo
856 2586 1059 2652 Paroeciarum,
1086 2587 1163 2659 qued

141 2670 301 2727 uocabulum
323 2689 337 2726 a
360 2672 502 2727 rusticanis
519 2671 644 2727 Ecclesiis
667 2671 699 2726 ad
722 2669 828 2727 urbicas
851 2671 1020 2727 translatum.
1050 2689 1162 2749 παροι-

141 2749 193 2812 εΙα
214 2755 324 2828 proprie
335 2749 444 2831 χώραν
458 2772 565 2811 omnem
581 2756 776 2828 regionemque
792 2755 933 2828 significat,
956 2773 1027 2830 quae
1042 2755 1076 2811 ab
1091 2755 1164 2835 urbe

141 2838 244 2895 dietam
260 2839 393 2895 Ecclesiae
417 2847 506 2894 certae
523 2839 713 2904 contribuitur,
738 2839 964 2912 quemadmodum
981 2840 1044 2896 olim
1058 2841 1163 2899 Romae

141 2923 255 2998 singulis
282 2924 384 2980 viciniis
406 2917 513 2998 πάγοι,
540 2924 595 2979 sire
617 2925 710 2989 colles,
734 2925 874 2981 constituti
897 2925 1007 2982 suerunt
1029 2942 1042 2980 a
1065 2926 1164 2983 Servio

142 3008 229 3065 'l'ubio
252 3009 340 3082 Rege,
366 3018 492 3081 tauquam
514 3003 725 3085 κρησφύγετα,
749 3010 803 3065 sive
825 3018 953 3082 receptus
974 3011 1163 3085 auperfugiu.

90 3098 196 3169 211000
219 3111 248 3150 se
270 3093 302 3153 ab
326 3093 462 3167 ingruenti
485 3094 564 3148 hoste
587 3101 750 3149 tutarentur.
781 3095 809 3150 lu
832 3095 864 3150 iis
886 3093 1001 3150 collibus
1024 3095 1163 3152 0000001-

141 3179 245 3253 locptae
278 3177 360 3234 θεῶν
387 3168 558 3237 ἐπισκόπων
589 3194 620 3234 τε
650 3173 699 3233 καὶ
723 3171 870 3255 φυλάκων
891 3179 945 3236 τοῦ
967 3172 1083 3254 πάγου,
1107 3170 1164 3248 οὓς

142 3257 226 3332 ἔταξε
249 3258 377 3331 θυσίαις
398 3265 512 3330 κοιναῖς
532 3257 681 3341 γεραίρειν
703 3271 754 3319 etc.
779 3264 815 3319 ait
837 3262 969 3320 Halicaru.
992 3264 1010 3319 1.
1028 3267 1056 3321 i.
1101 3265 1161 3321 Imo

101 3390 103 3394 ι
142 3365 205 3405 reru
236 3357 264 3407 et
291 3348 353 3422 pagi
375 3349 474 3422 singuli
496 3359 636 3404 curatores
659 3365 724 3404 suns
747 3348 916 3418 timuerunt,
946 3365 1015 3422 quos
1037 3342 1163 3407 ἐπισκό-

141 3449 218 3501 πους
239 3443 266 3490 et
288 3427 469 3509 περιπόλους
491 3434 560 3489 idem
584 3443 680 3490 000100
701 3433 826 3506 appellat.
864 3433 967 3502 Quibus
991 3433 1164 3492 Christiano-

141 3532 201 3575 rum
224 3517 251 3573 iu
274 3509 345 3591 agris
368 3519 512 3575 Paroeciae
533 3515 781 3590 qnam-simillimae
803 3518 924 3579 fuerunt.
968 3518 1034 3574 Nam
1058 3529 1086 3577 et
1108 3518 1164 3577 illie

140 3594 313 3672 ἐπίσκοποι,
343 3603 397 3659 sive
419 3604 510 3678 potius
529 3599 764 3680 χωρεπίσιιοποι,
788 3604 850 3660 olim
873 3602 1065 3678 praefuerunt,
1088 3619 1164 3678 quoe
