2534 4154
428 359 505 410 ACTA
522 358 740 411 cottanorum.
1041 358 1096 401 va

79 514 299 587 monachumque
320 513 420 569 factum
444 523 471 570 et
492 513 682 588 presbyterum
704 513 857 570 ordinatum
879 511 912 567 ab
934 512 1098 568 Eleuthero-

77 600 203 675 politano
226 599 370 672 episcopo:
394 615 474 671 quem
496 599 592 654 deinde
615 600 640 654 in
659 601 809 672 Aegyptum
833 596 963 653 recedens
978 597 1098 670 Epipha-

76 685 141 742 nius
166 692 276 740 sanctus
297 684 462 740 monasterio
485 701 534 739 suo
557 684 739 757 praepositum
763 682 912 756 reliquerit.
942 682 996 737 Sed
1016 698 1099 755 prae-

78 779 207 842 terquam
229 769 302 842 quod
325 785 356 824 ea
378 768 532 841 disputandi
554 785 630 824 mora
652 777 679 824 et
701 769 768 824 ratio
792 768 902 822 ridicula
925 767 1034 823 omnino
1057 767 1099 820 vi-

77 855 194 918 deatur,
224 861 252 909 et
281 853 315 908 de
337 853 423 908 altero
445 853 497 908 isto
520 853 669 926 Epiphanio
692 853 754 908 alibi
776 853 883 925 legatur
904 852 984 918 nihil;
1014 866 1098 906 unum

77 939 125 997 laic
145 938 219 994 Aetii
239 938 375 994 Romanae
397 936 472 992 urbis
494 938 622 1011 praefecti
645 938 720 992 velim
745 955 844 992 nomen
865 946 1003 998 notatum,
1026 934 1100 1010 quod
1193 974 1196 979 ·

77 1041 113 1081 ex
143 1020 259 1079 cerebro
287 1040 337 1078 suo
366 1032 549 1078 commentum
578 1032 716 1077 auctorem
743 1031 818 1094 patet
843 1040 876 1078 ex
897 1021 1098 1077 accuratissimo

78 1125 113 1166 eo
139 1106 285 1179 Cotoioqo,
308 1124 389 1180 quem
411 1108 558 1162 Bucherius
582 1125 596 1161 a
618 1106 745 1162 bollando
768 1099 862 1162 nostro
885 1115 1025 1180 acceptum
1042 1105 1101 1161 edi-

78 1193 120 1250 dit
142 1191 177 1248 ad
201 1191 337 1248 Cauonem
358 1192 516 1248 Paschalem
538 1192 647 1247 Victorii
670 1208 692 1247 c.
707 1194 741 1248 13
764 1209 791 1263 p.
805 1193 875 1255 236,
898 1191 946 1246 ubi
961 1199 1014 1246 “ex
1029 1198 1101 1246 tem-

79 1274 357 1354 poribus.Gallicni,¹'
385 1276 417 1331 ab
448 1294 518 1331 anno
542 1279 601 1333 254
631 1293 719 1349 usqne
743 1279 802 1332 354
836 1275 995 1339 indicatur,
1019 1275 1100 1350 “quis

79 1371 217 1439 quamum
236 1361 368 1434 temporis
391 1362 587 1434 praefecturam
604 1360 681 1416 Urbis
698 1360 915 1422 administrarit,”
938 1360 1100 1434 quandoque

79 1446 233 1522 praefactis·
250 1446 402 1502 successive
424 1456 542 1519 quatuor
563 1445 632 1501 intra
656 1449 779 1501 cumdem
801 1461 900 1506 annuum
916 1445 1027 1518 positis;
1051 1459 1102 1500 nec

80 1532 141 1589 sola
163 1530 283 1595 nomina,
307 1531 355 1586 scd
377 1539 403 1586 et
425 1531 599 1604 praenomina
623 1531 818 1604 exprimuntur.
844 1529 954 1585 Interim
971 1529 1101 1601 exipsius

78 1615 243 1675 fabulatoris
265 1615 378 1681 calculo,
401 1632 533 1672 annorum
556 1616 749 1690 quinquaginta
773 1633 819 1670 sex
837 1615 1021 1687 episcopatum
1036 1613 1102 1686 lipi-
1180 1670 1185 1677 ,

79 1700 185 1776 phanio
209 1699 362 1765 tribuentis,
385 1709 443 1756 acta
466 1701 533 1756 haec
556 1710 649 1755 essent
663 1708 694 1755 ut
709 1701 848 1755 minimum
863 1701 925 1755 ahto
941 1697 1101 1754 decennium

76 1785 283 1844 ,ordinationem
305 1801 504 1858 praegressum,
528 1785 650 1859 adeoque
673 1796 735 1841 ante
758 1803 857 1840 annum
881 1787 951 1843 338.

170 1871 222 1927 49.
252 1870 318 1925 Post
339 1871 406 1925 haec
428 1869 535 1925 domum
558 1879 690 1934 sanctum,
719 1888 799 1944 quom
823 1888 872 1925 uos
894 1870 1036 1928 admodum
1059 1870 1104 1926 iu-

80 1971 181 2012 venem
204 1954 287 2011 foisse
308 1955 336 2009 in
346 1955 469 2027 Aegypto
492 1954 614 2019 diximus,
638 1954 802 2010 celebritatis
824 1955 922 2010 nimiae
944 1955 1101 2028 fugientem,

81 2040 150 2098 Hluo
171 2055 265 2095 secum
285 2038 410 2112 navigare
433 2057 465 2094 ex
486 2040 569 2112 ioppe
591 2039 653 2094 facit
675 2041 920 2112 pseudo-loannes,
943 2049 1006 2113 post
1021 2057 1103 2096 encr-

81 2140 231 2199 gumenam
252 2124 280 2180 in
302 2140 415 2196 egressu
436 2123 604 2179 Hierusalem
626 2123 781 2191 liberatam;
806 2133 833 2180 et
853 2124 1039 2180 Alexandriam
1055 2141 1105 2198 ap·

82 2208 196 2284 pulsum
216 2209 360 2273 Iudaeum,
382 2209 506 2283 Aquilam
527 2210 636 2264 nomine
659 2208 820 2282 disputando
836 2218 1003 2274 convertere,
1027 2226 1057 2264 ac
1076 2209 1103 2264 S.

83 2293 234 2351 Athanasio
256 2292 384 2366 episcopo
401 2293 497 2349 sistere
512 2292 718 2367 baptizandum
743 2294 838 2348 deindo
854 2310 914 2347 cum
931 2293 959 2349 S.
974 2293 1105 2366 Paphnu-

85 2380 134 2445 tio,
159 2378 249 2450 magni
270 2378 380 2432 Antonii
402 2377 544 2450 discipulo,
567 2379 594 2433 in
617 2377 753 2432 Thebaide
775 2377 912 2450 congredi,
937 2394 970 2433 eo
992 2378 1105 2435 consilio

83 2472 117 2520 ut
147 2463 176 2518 in
197 2462 297 2518 Nitriae
325 2479 416 2519 eremo
445 2462 568 2517 habitare
590 2463 808 2535 permitteretur3
838 2463 887 2516 sed
908 2461 941 2517 ab
964 2463 1017 2518 hoc
1039 2480 1106 2537 pro·
1173 2454 1179 2463 ”

84 2547 199 2622 pbcticc
218 2547 332 2612 iussum,
356 2547 470 2603 collecto
493 2547 564 2619 apud
579 2547 673 2602 Patres
696 2547 796 2601 aestivo
818 2546 890 2610 feno,
914 2546 987 2603 abire
1010 2548 1037 2603 in
1054 2547 1107 2623 cy-

83 2649 169 2708 prum
197 2641 278 2706 atquc
307 2649 369 2687 oves
397 2648 519 2704 pascere.
564 2631 632 2685 l'um
662 2648 748 2704 prope
776 2632 964 2706 Leontopolim
996 2632 1107 2706 lingitur

85 2725 200 2775 sanctus
222 2716 352 2773 accedere
373 2716 406 2771 ad
421 2716 541 2771 Hieracis
559 2715 765 2771 celeberrimum
780 2718 984 2782 monasterium,
1008 2719 1107 2780 istum-‚

86 2818 144 2876 que
164 2800 274 2875 publice
296 2801 439 2857 docentem
468 2818 574 2856 errores
596 2801 697 2856 multos
719 2809 825 2856 mutum
847 2802 960 2876 imperio
982 2803 1105 2870 reddere,

86 2902 120 2942 ac
147 2887 339 2960 poenitentem
362 2902 472 2951 sanare;
502 2885 617 2959 denique
646 2895 739 2942 curato
766 2885 793 2941 in
816 2888 949 2960 superiori
971 2888 1107 2944 Thebaide

87 2987 284 3044 energumeno,
307 2970 399 3026 venire
421 2971 454 3026 ad
475 2970 535 3026 loca
557 2987 627 3043 quae
648 2971 776 3026 dicuntur
797 2962 906 3027 lincolia
929 2971 1020 3045 ibique
1042 2989 1108 3044 sep-

87 3056 183 3113 tennio
206 3055 352 3121 habitasse,
375 3054 422 3110 ubi
443 3055 644 3111 Eudaemonem
665 3055 859 3128 philosophum
881 3055 1045 3112 converterit
1062 3071 1108 3110 sa·

87 3149 155 3198 nato
177 3141 256 3213 pueri
279 3140 336 3196 eius
352 3140 447 3205 oculo;
471 3157 555 3213 seque
570 3141 603 3196 ad
611 3139 804 3216 ,episcopatum
820 3141 914 3214 quaeri
927 3156 1106 3212 cognoscens,

87 3225 235 3282 reverterit
260 3225 429 3297 in.Syriam,
458 3225 576 3298 primum
604 3223 781 3298 qnadraginta
804 3225 861 3279 dies
883 3232 1058 3281 conversatus
1079 3223 1108 3280 in

87 3309 256 3367 monasterio
271 3309 300 3365 S.
316 3308 469 3373 Hilarionis,
492 3318 636 3384 postquam
657 3308 703 3365 ille
724 3309 752 3363 in
768 3308 884 3382 Cyprum
906 3325 936 3363 se
958 3315 1107 3381 receperat,

88 3394 116 3452 id
146 3401 190 3451 eat
216 3401 280 3467 post
305 3410 406 3450 annum
431 3396 507 3459 363,
536 3394 609 3450 iuxta
636 3393 844 3466 Hieronymum3
873 3410 934 3448 cum
961 3401 1053 3448 tamen
1081 3394 1109 3451 in

90 3478 196 3536 calculo
219 3478 304 3552 ipsius
326 3477 499 3544 fabulatoris,
523 3479 569 3534 diu
590 3488 654 3534 ante
674 3476 818 3534 Hilarionis
840 3476 983 3533 adventum
1005 3478 1033 3533 in
1057 3478 1109 3554 oya

88 3578 182 3639 prom,
205 3562 243 3620 ihi
265 3563 409 3637 episcopus
430 3563 514 3620 fuisse
536 3562 702 3636 Epiphanius
724 3560 858 3619 debuerit.
887 3563 917 3618 ln
932 3561 1044 3620 Hierace
1059 3580 1110 3619 au-

88 3657 150 3709 tom
175 3647 316 3722 insignem,
335 3648 585 3722 parachronismum
608 3647 694 3719 ,etiam
714 3646 818 3703 nomnt
838 3646 969 3706 Baronius
990 3649 1024 3707 ad
1046 3660 1108 3704 anua

142 3741 288 3796 ttpipamtou.
314 3741 338 3785 v.
940 3741 958 3790 Ε
