2534 4154
143 331 183 392 22
600 341 712 391 rerem

142 502 197 558 tur.
245 500 281 554 be
310 515 363 570 quo
386 497 445 552 vide
468 514 529 553 cum
552 497 627 561 alios,-
652 507 709 553 tum
733 496 868 552 Saliarium
891 504 1029 558 nostrum,
1060 495 1107 568 qui
1132 495 1169 552 de

143 576 200 642 lobi
223 583 344 647 bistoria,
368 591 398 638 ut
422 582 504 638 etde
528 583 650 647 caeteris
674 581 813 638 luculente
836 581 996 652 eruditeque
1019 580 1139 653 scripsit.

235 673 267 725 10
285 667 311 722 b.
342 662 390 722 ἐπὶ
412 661 468 742 τὴν
482 663 732 740 Μεσοποταμίαν
752 658 870 743 padda]
895 665 1088 737 Mesopotamia
1110 679 1166 742 Tin

143 767 207 814 num
232 755 333 809 Pedem
354 752 441 807 Aram
464 753 615 826 appellatur
638 752 736 808 Gerros.
761 752 799 808 25
823 761 850 807 et
874 753 923 808 28.
961 749 1014 805 Sed
1037 760 1107 821 qu'ae
1131 750 1168 807 sit

144 839 227 895 altera
243 839 435 910 Mesopotamia
451 838 566 902 Susoba‚
591 838 711 892 nondum
734 838 863 909 comperi,
887 853 938 891 uec
961 834 1015 890 ulla
1038 835 1096 891 eius
1113 851 1167 891 no-

144 925 223 980 minis
247 923 374 979 occurrit.

126 1066 128 1073 ,
234 1009 310 1065 1od.
341 1003 373 1063 ἐν
387 997 599 1081 ἑβδομήκοντα
613 1006 738 1079 ψυχῶν]
763 1006 823 1061 Cor.
840 1008 964 1078 ψυχαῖς.
995 1004 1033 1058 De
1050 1021 1164 1060 nurnero

144 1094 274 1150 dissident
297 1092 412 1148 Hebraei
434 1092 575 1166 Latinique
599 1092 710 1147 Codices
733 1108 748 1147 a
771 1091 835 1146 Lxx
858 1088 1032 1154 Senioribus3
1062 1106 1165 1144 seeun-

144 1179 209 1235 dum
237 1191 305 1251 quos
328 1180 428 1242 Acti,
451 1182 485 1233 14
516 1177 670 1250 Stephanus
696 1180 733 1233 75
763 1177 864 1232 animas
888 1182 1043 1229 enumerat:
1075 1190 1164 1245 quan-

145 1282 225 1337 quam
254 1263 333 1319 iidem
361 1262 397 1318 illi
419 1263 483 1316 Lxx
507 1262 615 1317 Denter.
637 1265 683 1325 10,
701 1263 750 1326 22,
774 1278 829 1316 nou
851 1259 944 1333 plures
966 1259 1068 1312 animas
1084 1276 1164 1330 quam

145 1349 315 1422 septuaginta
338 1357 500 1420 posuerunt.
532 1347 569 1402 De
592 1348 642 1401 hae
665 1346 829 1414 Quaestione
852 1344 910 1399 vide
926 1343 1037 1398 Mierou.
1054 1343 1081 1397 iu
1098 1343 1166 1398 Tra-

144 1435 192 1490 dit.
217 1443 244 1489 et
265 1432 408 1505 Augustiu.
433 1432 543 1500 Qitaest.
571 1433 629 1487 152
652 1431 680 1486 in
703 1432 801 1486 Genes.
826 1429 909 1486 etde
932 1428 1006 1484 Civit.
1032 1430 1077 1491 16,
1096 1431 1164 1486 149,

234 1523 266 1575 11
287 1536 310 1573 a.
344 1513 375 1572 ἐν
390 1507 513 1593 χρόνοις
535 1509 711 1588 Mutetur]
740 1516 822 1570 Prava
845 1513 1027 1586 interpunctio
1051 1512 1166 1568 falsissi-

144 1621 214 1660 mam
243 1601 404 1659 senteutiam
432 1601 567 1656 hocloco
590 1602 710 1674 peperit:
740 1617 837 1673 nempe
861 1600 954 1672 quinta
975 1597 1061 1677 γενεᾷ
1084 1609 1165 1653 utro-

145 1689 227 1761 bique
255 1698 309 1743 tam
338 1685 366 1740 iu
389 1686 473 1758 stirpe
496 1686 570 1750 teu,
601 1703 681 1758 quam
704 1686 799 1749 iudae,
829 1683 963 1741 lsra'e'litas
987 1700 1018 1738 ex
1040 1685 1164 1755 Aegypto

144 1774 284 1844 migrasse.
315 1769 385 1824 Dixit
407 1771 477 1825 enim
499 1770 580 1844 paulo
604 1780 665 1826 ante
689 1771 820 1825 mansisse
842 1762 903 1825 illos
927 1769 954 1823 iu
975 1770 1099 1840 Aegypto
1114 1786 1164 1843 γε-

144 1848 212 1922 νεὰς
233 1850 337 1925 σε’νεες
359 1872 427 1926 quas
450 1855 546 1910 deinde
569 1855 725 1928 singillatim
747 1863 900 1927 percenset.
946 1853 1027 1924 Atqui
1049 1852 1083 1908 de
1107 1853 1164 1908 sola

143 1941 169 1995 id
192 1940 306 1995 Levitica
329 1945 467 2012 uteunque
490 1958 583 1995 verum
606 1948 662 2006 est;
687 1941 713 1995 in
737 1940 817 1996 Iudae
840 1939 925 2012 stirpe
949 1937 1053 1992 falsum.
1092 1937 1163 1993 Haec

145 2025 216 2079 enim
239 2035 281 2079 est
304 2022 444 2095 utriusque
467 2025 562 2080 series.

619 2183 698 2240 lacob

494 2337 554 2394 Levi
660 2336 723 2391 luda

493 2423 576 2479 Gaatb
660 2421 789 2481 Plrares.

492 2511 598 2564 Amram
661 2506 767 2562 Hesron

492 2593 598 2668 Moyses
661 2593 726 2647 Mam

662 2677 807 2732 Aminadab

663 2761 783 2816 Naasson

229 2867 379 2942 Aegyptum
409 2855 551 2940 ingressus¹
576 2881 619 2924 est
641 2870 735 2934 Iacob,
765 2887 826 2925 eum
856 2869 907 2923 iam
932 2867 1013 2923 Caatb
1036 2879 1166 2939 nepotem

111 2958 117 2969 “
146 2973 177 3011 ex
201 2955 261 3009 Levi
290 2954 344 3009 silio
375 2954 550 3025 suscepisset.
597 2953 776 3022 Quamobrem
808 2953 969 3026 priusillud
992 2951 1088 3006 falsum
1112 2965 1163 3020 est,

146 3033 232 3116 πέντε
259 3033 363 3115 γενεὰς
390 3041 416 3095 in
439 3042 562 3111 Aegypto
593 3047 773 3094 commoratos
802 3037 907 3093 isra'e'lis
933 3045 1074 3111 posteroS,
1105 3057 1166 3095 cum

147 3127 224 3189 duae,
247 3125 349 3180 autad
371 3141 506 3181 summum
529 3134 584 3179 tres
607 3122 734 3178 duntaxat
755 3123 970 3179 intercesserint.
1014 3122 1165 3191 Posterius,

147 3210 230 3284 quod·
249 3211 286 3266 ait
308 3210 401 3282 quinta
422 3210 509 3290 γενεᾷ
530 3208 673 3264 liberatum
698 3225 758 3264 esse
781 3207 927 3281 populum.
958 3208 1097 3265 commoda
1121 3210 1164 3264 in-

147 3296 347 3369 terpretatione
367 3296 406 3351 sic
428 3295 604 3351 adiuvandum
628 3301 678 3357 est,
702 3303 733 3349 ut
754 3294 879 3367 quintum
903 3303 983 3366 caput
999 3311 1049 3366 per
1063 3284 1167 3367 γενεὰν

146 3380 287 3454 intelligat.
311 3380 376 3437 Nam
399 3380 504 3454 Moyses
528 3397 542 3435 a
564 3378 661 3435 Iacobo
685 3378 795 3451 quintus
816 3387 867 3435 est.
890 3378 1022 3434 Neutrum
1038 3378 1065 3432 in
1082 3378 1167 3451 stirpe

146 3464 226 3521 iudae
254 3466 402 3539 procedere
430 3475 536 3538 potest,
565 3464 698 3539 siquidem
721 3463 841 3519 Nanssnn
870 3480 884 3518 a
908 3464 1004 3520 iacebo
1028 3463 1162 3534 septimus

147 3558 198 3605 est.
227 3549 298 3622 drgo
320 3552 356 3607 ita
378 3551 468 3607 locum
490 3549 632 3623 Epiphapii
653 3549 850 3622 concipiemus:
875 3544 906 3604 ἓν
922 3539 1046 3624 χρόνοις
1060 3543 1165 3604 Morti-

146 3626 222 3700 σείος
244 3629 293 3689 καὶ
315 3627 487 3695 Ναασσών·
510 3629 631 3712 πέμπτῃ
653 3636 739 3714 γενεᾷ
761 3626 840 3702 κοτιὶ
863 3628 917 3714 Ιτὸν
940 3631 1022 3689 Λευὶ
1045 3625 1166 3704 ἔξεισιν,
