2534 4154
480 323 771 376 iurutuvunsioues
1098 312 1138 374 57

115 480 177 549 Qui
199 496 235 535 er
257 481 342 536 dicite
360 495 474 552 pauper
494 480 588 551 sactus
611 488 660 544 est,
683 497 741 535 aon
761 482 906 536 salutator
920 488 949 535 at
965 488 1039 537 onte.
1062 482 1139 551 Quo·

109 566 188 622 circa
210 564 244 620 ab
268 565 391 621 llebraeo
407 565 462 629 illo,
486 582 565 637 quem
582 565 747 638 Epiphanius
764 566 947 630 consuluerat,
970 565 1062 622 lucum
1078 584 1138 625 esse

106 650 217 706 factum
241 650 383 705 existimat.
414 650 453 706 lle
475 667 528 722 qua
551 668 579 705 re
603 651 716 722 amplius
732 651 884 707 videndum.
915 653 1034 724 Apparet
1049 661 1138 708 autem

106 735 140 791 in
165 735 259 807 priore
282 736 424 800 sententia,
449 752 528 807 quam
551 735 717 808 Epiphanius
740 738 858 808 exponit,
882 745 944 791 ante
961 733 1026 796 nbat
1043 737 1138 794 deesse

103 819 294 886 uocabulum,
326 820 399 894 quod
422 814 478 894 τὴν
499 809 673 893 ἀποστολὴν
694 820 843 892 significet,
866 839 916 893 pro
939 838 993 894 quo
1016 817 1138 884 arniba

107 904 317 961 substituimus.

332 1040 374 1094 AD
398 1039 564 1096 HAERESlN
585 1041 629 1094 llll
652 1039 926 1096 ttunoutlnounu.

202 1162 283 1215 451.
314 1159 496 1223 Herodianus,
526 1176 642 1232 quorum
665 1160 691 1214 iu
715 1159 858 1231 Evangelio
882 1160 984 1215 mentio
1008 1169 1064 1223 est,
1093 1160 1137 1217 alii

106 1244 146 1300 ab
171 1244 279 1300 Herode
305 1261 417 1317 magno,
448 1243 490 1299 alii
520 1243 553 1299 ab
577 1244 634 1299 eius
658 1243 712 1299 lilio
735 1244 842 1299 Herode
864 1245 961 1316 Autipa
984 1246 1137 1302 nominatos

109 1330 278 1385 existimant.
314 1329 435 1384 Priorem
459 1329 620 1384 sententiam
644 1338 737 1385 tuetur
758 1329 939 1401 Epiphanius,
963 1330 1010 1401 qui
1032 1339 1059 1385 et
1081 1331 1138 1386 He'-

105 1415 289 1471 rodianorum
313 1423 412 1468 sectam
436 1430 467 1469 ac
489 1414 587 1485 dogma
609 1414 719 1485 copiose
742 1413 924 1486 persequitur.
958 1414 1023 1469 Cum
1046 1410 1176 1471 autem39

108 1501 146 1555 de
163 1499 272 1554 Herode
295 1498 382 1572 deque
405 1497 564 1553 Herodianis
587 1499 788 1554 accuratissime
811 1497 1046 1572 eruditissimoque
1070 1499 1137 1555 Seu·

106 1585 202 1640 rarius
225 1591 319 1639 noster
341 1582 470 1655 peculiari
492 1583 518 1638 in
543 1600 625 1654 opere
648 1583 838 1655 disputaverit,
869 1600 958 1657 neque
981 1584 1134 1657 quiequam,

109 1669 188 1742 qnod
211 1685 243 1724 eo
267 1668 431 1741 pertineret,
459 1667 590 1722 intactum
612 1667 797 1740 indictumque
820 1668 975 1742 reliquerit,
1006 1685 1137 1741 superva-

104 1763 194 1809 cuum
224 1752 405 1808 existimamus
434 1751 547 1807 verbum
575 1752 689 1825 amplius
712 1752 796 1807 ullum
820 1771 904 1825 super
926 1771 957 1809 ea
979 1772 1008 1810 re
1030 1754 1134 1821 lacere,

106 1855 175 1894 cum
198 1838 232 1892 ad
254 1849 362 1892 manum
385 1837 419 1891 sit
441 1836 511 1892 liber
532 1837 585 1902 ille,
609 1837 636 1892 in
660 1853 714 1908 quo
738 1839 771 1893 de
794 1838 908 1894 Herodis
931 1856 1042 1912 genere,
1067 1856 1136 1895 con-

106 1923 232 1986 ditione,
263 1921 349 1993 deque
384 1919 543 1977 Herodianis
572 1939 602 1977 ac
631 1923 759 1987 caeteris,
789 1941 858 1996 quae
888 1924 1023 1980 hocloco
1046 1925 1135 1997 attigit

105 2006 295 2080 Epiphanius,
326 2006 469 2078 diligenter
498 2007 636 2079 explicavit
665 2025 696 2062 ao
722 2007 850 2082 Scaligeri
874 2000 1079 2065 ἀναπόδεικτα
1102 2009 1134 2065 de

104 2090 220 2148 Herode
242 2091 346 2146 somnia
368 2091 528 2146 validissime
550 2092 683 2147 refutarit.

199 2174 283 2232 4511.
314 2164 417 2249 ἐπειδή
440 2193 495 2251 περ
518 2167 534 2233 ὃ
553 2166 700 2250 Ἡρώδης
720 2167 799 2250 υἱός]
824 2177 861 2232 lle
884 2176 998 2233 Herodis
1021 2185 1133 2249 parente

106 2276 216 2334 avoque
239 2277 253 2315 a
275 2261 392 2334 losepho
416 2260 579 2316 dissentiunt
600 2261 757 2326 Airicanus,
784 2261 933 2325 Eusebius,
957 2261 1132 2333 Epiphanius,
1191 2245 1199 2266 1

106 2347 211 2419 aliique
233 2345 328 2401 Patres
351 2362 455 2401 omnes.
486 2345 591 2401 Etenim
614 2345 659 2400 ille
681 2347 852 2418 Antipatrum
875 2338 1029 2401 llumacnm
1045 2345 1135 2403 Hero-

108 2431 150 2487 dis
174 2438 279 2503 patrem
301 2429 476 2503 praedivitem
499 2448 529 2486 ac
552 2438 691 2502 potentem
714 2430 797 2485 luisse
820 2430 922 2495 scribit,
946 2447 1024 2486 avum
1043 2439 1133 2487 autem

105 2515 235 2589 Antipam
257 2515 397 2571 idumaeae
419 2515 452 2571 ab
475 2515 625 2570 Alexandro
648 2515 721 2587 Rege
744 2514 938 2587 praepositum.
983 2517 1017 2571 At
1039 2516 1133 2574 Patres

107 2617 189 2656 avum
212 2599 326 2655 Herodis
355 2610 383 2656 et
404 2609 545 2673 parentem
569 2599 777 2655 obscurissimos
800 2616 831 2654 ac
853 2601 1040 2673 pauperrimos
1063 2601 1133 2661 enti-

106 2687 177 2741 tisse
200 2693 360 2750 memorant,
384 2694 415 2741 ut
438 2702 499 2741 cum
521 2685 671 2757 Antipater,
696 2701 710 2740 a
733 2701 787 2757 quo
806 2684 926 2742 Herodes
948 2686 1057 2760 genitus
1081 2694 1132 2752 eet,

110 2777 206 2844 captus
229 2768 263 2824 ab
286 2769 419 2826 idumaeis
443 2779 524 2835 essct,
551 2769 646 2825 redimi
668 2786 682 2824 a
706 2778 782 2842 patre
806 2787 855 2826 suo
879 2780 992 2845 propter
1014 2772 1131 2845 inopiam

108 2855 220 2911 minime
242 2855 372 2928 potuerit.
403 2855 441 2911 lle
464 2856 514 2911 hac
536 2854 695 2930 quaestione
718 2855 830 2911 consule
853 2874 922 2928 quae
937 2857 1076 2913 Serrarius
1091 2856 1133 2913 ci·

108 2949 166 2996 tato
188 2940 251 2996 loco
273 2939 392 2996 tradidit.

195 3027 236 3082 45
253 3041 276 3080 c.
306 3012 490 3101 ὕστερονδὲ
512 3016 665 3101 tpttrdep
688 3019 871 3102 Δημητρίῳ]
905 3024 1056 3080 Demetrius
1078 3024 1131 3081 iste

108 3119 293 3186 cognomento
314 3100 467 3187 Εὔκαιρος
489 3109 630 3166 1411111111
645 3110 796 3166 Alexandro
819 3111 876 3182 regi
899 3125 949 3164 suo
971 3108 1082 3164 intensis
1097 3108 1134 3165 ad·

108 3195 237 3251 auxilium
266 3204 378 3252 vocatus
407 3211 468 3250 cuin
498 3211 530 3250 eo
560 3195 688 3267 pugnavit
711 3202 738 3250 et
760 3194 862 3269 praelio
886 3193 1030 3266 superavit.
1076 3192 1130 3250 Sed

108 3296 173 3346 cum
194 3279 346 3337 Alexander
371 3280 398 3335 in
421 3288 528 3336 montes
550 3296 612 3335 sese
634 3280 798 3352 recepisset,
827 3277 860 3334 ad
882 3294 999 3352 eumque
1021 3276 1132 3350 plurimi

109 3365 321 3429 conduxissent,
359 3365 469 3423 territus
492 3363 644 3421 llemetrius
678 3364 771 3421 relicta
803 3363 900 3418 Iudaea
935 3370 1028 3417 contra
1063 3361 1132 3425 Plri-

107 3448 213 3524 lippum
229 3449 340 3507 irenem
355 3449 455 3507 bellum
472 3464 617 3524 aggressus
639 3458 690 3507 est.
735 3450 764 3504 ln
785 3465 839 3520 quo
866 3465 881 3504 a
901 3447 1008 3503 Parthis
1034 3455 1131 3521 captus

108 3534 205 3592 morbo
234 3535 305 3608 apud
329 3536 442 3593 eosdem
466 3536 600 3592 extinctus
624 3543 685 3593 est..
720 3531 900 3601 Quamobrem
923 3532 989 3588 nihil
1012 3549 1074 3590 oum
1095 3549 1131 3593 ae

108 3618 223 3679 llerodis
251 3636 349 3694 parens
370 3620 512 3694 Antipater
540 3636 684 3677 mmiuune
713 3617 822 3684 habuit,
851 3617 951 3676 nodum
973 3626 1005 3675 ut
1026 3618 1059 3675 ab
1082 3617 1133 3677 ille
