2534 4154
144 299 207 363 m
253 265 256 269 ¹
548 322 551 363 :
595 312 709 365 rernm
767 320 768 324 ¹

142 470 200 526 otei
221 471 298 526 solos
319 470 411 535 Deos,
441 471 495 543 qui
510 487 620 526 orbona
642 471 762 527 rimator
785 477 811 525 et
831 471 924 526 reddit
939 470 1099 545 ,uniruique
1121 489 1176 528 se-

144 557 264 611 condom
286 572 373 628 opero
394 571 456 610 soa.
486 550 589 613 Metios
611 563 704 610 obtem
727 563 775 620 est,
798 562 830 611 ot
850 556 1016 628 simpliciter
1033 558 1177 631 occipio·

142 655 220 704 m,
248 641 323 712 quoii
347 642 442 696 metius
465 642 664 712 oopitotiooom
684 647 793 696 secreto
815 649 977 712 eopooeoot,
1005 641 1068 697 niti
1085 645 1176 700 solos

142 723 230 782 Deus.
261 724 332 780 Haeo
354 725 408 781 ille.
437 725 477 781 nd
501 726 616 782 eundem
639 742 749 781 sensum
766 725 850 781 refert
866 726 944 781 etiam
961 723 1174 784 theodoretus.

144 808 258 866 Tertuss.
281 827 344 866 vero
368 818 463 866 eontra
484 811 541 866 iud.
565 827 589 866 e.
602 814 648 868 14.
679 810 828 884 Cyprianus
844 826 904 867 eon.
921 810 978 866 iud.
995 814 1079 868 ott).
1114 813 1176 869 La-

137 902 227 973 ¹etant.
244 897 321 960 4,13
346 904 373 951 et
395 895 447 961 alii,
471 912 540 971 quos
564 895 645 953 tacito
668 895 776 951 nomine
794 904 871 952 notat
886 895 997 952 Hieron.
1012 894 1046 951 ad
1063 896 1173 954 Christi

97 979 322 1036 ‘···bibinitatem.
429 1031 431 1035 .
859 972 878 996 ³

207 1065 290 1126 ,467
308 1064 334 1120 b.
366 1052 469 1148 bibra
493 1058 526 1144 is*
547 1058 647 1130 πάλιν,
674 1056 818 1137 bettore]
849 1065 941 1121 Exeo
964 1064 1174 1138 quodailPa-

144 1150 195 1206 tris
216 1151 353 1206 dexteram
375 1150 523 1206 collocatus
545 1150 581 1205 sit
603 1149 694 1213 Filius,
721 1149 779 1222 pari
802 1158 830 1206 et
851 1150 945 1206 eadem
967 1166 1029 1205 oum
1051 1149 1100 1206 iilo
1125 1151 1176 1206 di-

145 1235 263 1309 gnitete,
286 1252 317 1290 ae
338 1243 474 1308 potestate
497 1251 557 1290 esse
580 1234 709 1290 dicendus
732 1243 783 1291 est.
827 1235 951 1291 Ambros.
975 1233 1063 1290 Serm.
1089 1236 1109 1294 3
1134 1236 1175 1294 de

144 1319 316 1376 Pentecoste.
361 1319 404 1375 Ne
431 1320 583 1384 miremini,
613 1319 715 1391 inquit,
746 1321 820 1391 qood
841 1322 879 1375 od
896 1319 1175 1380 *mmeramme

144 1406 268 1461 residere
296 1406 358 1460 etat
378 1401 502 1470 mattam.
529 1406 568 1460 od
595 1405 740 1459 beaterum
767 1405 840 1460 enim
867 1406 983 1470 resistet,
1011 1418 1072 1460 ooo
1095 1406 1171 1478 ostia

143 1491 237 1547 maior
258 1489 354 1554 Potre,
377 1479 427 1545 seit
447 1506 482 1544 oe
502 1491 596 1545 minor
610 1489 697 1544 Patre
718 1505 778 1545 esse
801 1491 940 1554 credatur,
963 1491 1036 1544 sieut
1050 1490 1173 1547 Haere-

145 1576 193 1631 tici
216 1575 410 1648 blasphemare
433 1582 645 1630 consueverunt.
686 1573 759 1630 idern
781 1575 882 1648 colligit
904 1574 936 1630 ad
958 1574 1057 1630 Psalm.
1071 1576 1108 1634 18
1136 1592 1171 1633 ex

144 1659 194 1717 iilo
214 1661 312 1716 Psalm.
325 1663 381 1717 109
404 1659 481 1715 loeo:
505 1659 576 1716 Sede
598 1677 618 1714 o
639 1660 746 1714 destris
767 1660 845 1714 meis.
890 1658 994 1728 Quibus
1017 1668 1045 1715 et
1067 1659 1171 1718 simili-

143 1743 196 1801 bus
219 1762 251 1799 ex
272 1745 338 1800 locis
361 1753 485 1817 apparet,
509 1744 602 1800 salsam
625 1761 719 1799 eorum
742 1761 803 1800 esse
825 1744 1002 1808 sententiam,
1025 1745 1073 1817 qui
1095 1745 1172 1811 sini-

145 1837 228 1884 strum
252 1829 322 1901 apud
346 1838 449 1885 veteres
472 1830 674 1885 honoratiorem
697 1829 790 1884 dextra
804 1829 889 1885 tuisse
904 1829 1083 1886 contendunt.
1109 1829 1171 1886 Gu-

144 1912 187 1968 ius
209 1913 344 1985 opinionis
366 1922 445 1969 autor
466 1913 586 1970 Nebriss.
609 1931 633 1970 e.
652 1915 689 1970 39
714 1914 933 1988 Quinquagenae.

93 2136 139 2188 mr
297 2130 530 2214 tubanensia
550 2133 593 2189 LV
615 2132 1009 2191 mnttfflsnbbtmrtonbtt.
1138 2192 1141 2197 .

168 2290 173 2302 .
232 2253 292 2310 468
308 2250 335 2306 b.
366 2243 618 2318 ἀποσπασθέντες
637 2244 732 2324 τάχα]
759 2252 988 2308 ATbeodotianis
1010 2261 1088 2308 ortos
1103 2271 1171 2312 esse

144 2337 400 2394 Melchisedeeianos
424 2344 518 2392 censet
538 2337 714 2410 Epiphanius.
745 2336 857 2394 Tertnii.
878 2336 944 2393 aero
961 2337 1017 2393 Lib.
1034 2338 1069 2395 de
1080 2338 1176 2397 Prusa

145 2423 237 2496 son'pt.
261 2439 284 2478 e.
300 2425 338 2480 53
362 2422 442 2478 etiam
458 2421 628 2478 Theodotum
651 2432 741 2479 sectae
756 2423 837 2478 huius
853 2424 997 2479 authorem
1012 2424 1167 2490 constituit,

144 2524 201 2564 non
221 2508 340 2579 priorem
363 2507 438 2562 illum
462 2516 489 2563 et
510 2507 677 2581 Byzantium,
700 2509 748 2564 sed
771 2497 895 2572 alterum,
923 2524 1004 2581 quem
1026 2499 1170 2584 ἀργυρα-

143 2585 255 2665 μοιβὸν
283 2591 471 2648 'theodoretus
500 2592 585 2649 fuisse
612 2601 713 2648 narrat.
757 2592 891 2648 Eusebius
908 2594 943 2657 b,
961 2592 1169 2655 tattieotou

145 2675 252 2732 coriarii
281 2675 442 2748 discipulum
469 2677 604 2748 quendam
626 2686 821 2733 commemorat
842 2676 1012 2733 Theodotum
1036 2677 1172 2752 Trapezt-

144 2768 210 2823 tam
233 2777 248 2815 a
270 2776 324 2831 qoo
348 2760 478 2832 deeeptus
493 2761 593 2818 Natalis
616 2763 759 2818 confessor
780 2762 879 2835 insigni
894 2762 1173 2837 miraouioresipuit'

144 2844 222 2902 euius
245 2853 273 2900 et
295 2844 483 2901 Theodoretus
505 2848 636 2903 meminit.
666 2846 715 2902 Hie
737 2846 820 2918 igitur
841 2847 1000 2903 Theodotus
1020 2847 1055 2902 ad
1076 2847 1170 2922 magi·

144 2929 194 2987 stri
216 2929 258 2985 sui
280 2929 444 3002 impietatem
466 2931 519 2986 hoo
541 2932 646 2995 adiecit,
670 2941 700 2986 ut
723 2931 831 2986 Gbristo
853 2932 966 2988 Domino
985 2931 1172 2991 ttetohtsete-

145 3022 422 3087 eumanteponerst,
450 3024 481 3070 ut
502 3015 595 3070 seribit
617 3016 729 3071 Tertull.
753 3014 942 3072 Theodoretus
965 3033 1028 3073 vero
1051 3016 1170 3074 Melebi-

145 3101 227 3158 sedee
256 3117 288 3155 en
310 3099 381 3154 illius
403 3099 539 3154 sententia
561 3089 691 3173 δύναμίν
711 3118 780 3156 τινα
802 3095 852 3154 καὶ
873 3096 980 3172 eam,
997 3097 1058 3157 moi
1078 3097 1168 3178 psyl-

144 3201 221 3261 ompi
242 3185 372 3249 extitisse,
395 3176 460 3240 κατ’
479 3177 580 3241 εἰκόνα
594 3179 628 3240 δὲ
643 3177 739 3240 αὐτοῦ
753 3178 807 3241 τὸν
820 3180 960 3262 Χριστὸν
973 3185 1168 3263 mentientes.

144 3269 367 3343 tt-nugusunus
395 3277 424 3326 et
446 3269 606 3325 Philostrius
635 3270 739 3325 nullum
767 3269 1014 3329 Melchisealeeianis
1028 3288 1168 3329 errorem

145 3355 227 3411 alium
249 3355 381 3419 tribuunt,
405 3355 457 3410 nisi
479 3354 553 3429 quod
576 3355 713 3411 hominem
736 3372 798 3411 esse
819 3356 984 3430 negaverint,
1007 3359 1056 3414 sed
1077 3357 1172 3414 virtu-

146 3447 201 3495 tem
216 3440 265 3495 liei
287 3456 348 3496 esse
371 3441 525 3496 statuerint.
555 3439 620 3496 Vite
635 3440 783 3514 Epistolam
798 3440 871 3496 Hier.
884 3443 942 3499 126
963 3442 997 3496 ad
1012 3441 1168 3516 Evagrium.

174 3544 179 3573 ι
232 3527 292 3582 468
309 3525 335 3580 d.
372 3519 408 3582 τὸ
438 3519 472 3581 δὲ
500 3517 645 3600 ἀπάτωρ,
675 3518 816 3602 ἀμήτωρ]
860 3527 1005 3600 Perpetem
1036 3527 1176 3585 Erasmus·
1221 3530 1231 3544 ‘

146 3607 236 3679 tysott
256 3609 366 3674 Patris,
396 3627 430 3683 po
456 3610 572 3678 matrim
600 3628 653 3685 qua
682 3610 779 3668 stolida
808 3611 1033 3686 interpretatione
1061 3622 1170 3689 myste-
