2534 4154
474 311 763 363 anrunovaastouns.
1065 298 1128 360 ete·

109 462 270 523 fflanorum
300 466 415 523 faotione
443 469 575 523 coierunt.
622 466 696 537 Quae
727 469 855 524 historica
883 469 969 524 series
997 469 1130 525 llelctiani

94 549 280 654 ,impostoris
290 551 405 608 lahulam
427 553 539 626 iugulat

162 621 228 710 ἧι
255 629 288 691 δὲ
309 630 521 713 stuprosum]
558 638 632 693 Alius
666 639 709 693 hic
739 655 800 693 esse
823 637 920 694 dehet
916 655 940 693 a
963 655 1061 711 magno
1085 637 1129 695 illo

108 720 264 816 Psphhutio
286 721 429 777 Thebaidis
453 721 602 796 Episcopo,
631 723 678 797 qui
700 723 831 779 Nicaeuae
860 723 969 796 Synodo
998 722 1129 788 interfuit,

108 807 213 880 quique
239 815 266 862 et
294 807 352 878 ipse
376 806 522 863 Conlcssor
544 807 648 872 extitit,
673 807 850 863 Constantino
872 809 939 880 lmp.
962 809 1128 865 carissimus.

107 891 157 947 llic
181 890 302 946 enimin
326 892 510 948 Conciliabulo
535 893 614 965 Tyrio
639 909 688 964 pro
704 892 849 948 Athanasio
872 895 1000 948 adversus
1016 894 1129 949 Arianos

106 976 219 1033 rostitit.
256 975 382 1032 llortasse
404 994 467 1033 vero
489 977 647 1032 dleletianus
671 977 737 1040 iste,
761 977 808 1049 qui
824 978 899 1032 hanc
923 977 1039 1034 lahulam
1061 995 1130 1033 eun·-

106 1060 233 1124 manavir,
258 1061 284 1115 in
307 1060 453 1134 Paphnutii
474 1062 583 1116 nomine
604 1061 695 1117 lucum
719 1062 836 1134 posteris
858 1062 930 1125 lecit,
955 1072 985 1118 ut
1000 1063 1130 1136 Paphum

106 1147 176 1202 tium
204 1145 445 1222 elleletianorum
474 1163 557 1219 grege
579 1147 731 1219 quempiam
754 1162 815 1201 cum
838 1146 923 1201 altero
946 1147 991 1202 illu
1015 1147 1130 1205 Contes-

105 1246 171 1287 sore
194 1238 223 1285 et
243 1229 351 1303 insigni*
363 1231 419 1286 viro
433 1231 596 1286 contuderit.
627 1231 698 1286 Sane
713 1230 880 1302 Paphnutius
896 1231 1000 1302 aliquot
1015 1232 1130 1305 Episco-

106 1331 159 1389 pos
189 1325 314 1370 recenset
336 1315 497 1370 Athanasius
527 1317 553 1371 in
576 1316 720 1389 Apologia,
752 1317 798 1370 scd
828 1315 873 1387 qui
903 1317 988 1388 ipsius
1017 1333 1129 1374 caussae

105 1399 230 1456 laverint.
256 1400 450 1469 'Unumuero
473 1401 648 1464 Monachum,
671 1401 717 1472 qui
739 1400 895 1457 insidiarum
919 1400 1129 1456 calumniarum*

107 1499 161 1558 que
183 1493 277 1540 eontra
301 1503 330 1541 se
353 1485 385 1540 ab
409 1486 512 1540 Arianis
536 1495 563 1540 et
585 1485 732 1549 Meletianis
759 1485 969 1558 excogitatarum
992 1486 1128 1559 particeps

106 1569 310 1634 haerit,cuius
333 1569 479 1644 Epistulam
502 1570 528 1624 in
551 1571 663 1642 Apoll
687 1569 799 1642 prolert.
845 1569 986 1625 Postremo
1010 1569 1128 1627 Callinici

106 1652 243 1710 lloletiani
265 1652 291 1710 in
314 1655 407 1710 eadem
429 1655 507 1727 Apol.
530 1655 665 1710 meminit:
690 1670 806 1729 eumque
829 1671 889 1712 curn
914 1654 1001 1710 lsione
1024 1663 1053 1710 et
1072 1655 1129 1711 llu-

107 1739 240 1795 daemone
263 1738 442 1795 subornatum
464 1739 497 1794 ah
520 1738 678 1794 Eusebianis
701 1739 804 1803 scribit,
833 1749 862 1794 ut
883 1739 1013 1794 falsorum
1036 1740 1129 1796 crimi-

106 1841 173 1881 num
196 1840 272 1879 reum
295 1841 356 1880 sese
379 1824 412 1879 ad
434 1824 532 1896 Impar.
556 1825 725 1881 deferrent·
890 1867 893 1875 .
1093 1846 1095 1851 ·

191 1910 294 1965 7220.
326 1927 353 1964 οι
369 1927 448 1964 κατα
436 1900 525 1964 Ma
524 1903 628 2003 n'rapv]
660 1909 980 1983 llelctiauosEpiscopos
997 1909 1127 1984 intelligo,
1135 1916 1181 1970 att

69 2035 72 2041 -
105 2010 163 2050 non
185 1993 336 2058 helenum,
361 1994 406 2066 qui
430 1995 480 2048 iam
504 1995 604 2049 evitis
627 2004 789 2050 excesserat.
835 1994 872 2050 lle
895 1995 976 2050 huius
998 1996 1128 2052 historiae

103 2063 247 2135 mendacio
270 2079 302 2133 ad
325 2087 485 2151 sequentem
505 2078 633 2135 Haeresin
657 2080 771 2135 dicetur.

195 2166 293 2221 723³.
325 2157 469 2230 κατεάξαι
491 2159 679 2238 sandalias]
691 2165 826 2233 Quaenam
846 2181 877 2220 ea
892 2182 942 2220 von
956 2165 992 2220 sit
1007 2153 1128 2220 nondum

103 2249 237 2322 comperi.
275 2249 383 2304 Certum
407 2256 449 2304 est
470 2239 616 2324 ποτήριον
636 2241 784 2322 μυστικὸν
805 2249 898 2304 luisse.
943 2248 1007 2303 Vide
1028 2249 1127 2304 Athan.

103 2332 196 2408 ipsum
219 2334 245 2388 in
269 2333 346 2406 Apol.
368 2332 568 2390 Tlieodoretum
591 2343 620 2389 et
642 2334 718 2389 alios.

128 2434 140 2451 ¹·
194 2420 285 2475 tata.
306 2411 388 2491 μένει
411 2413 443 2473 ἐν
457 2421 520 2482 τοῖς
534 2411 637 2492 μέρεσι
652 2419 707 2492 τῆς
718 2409 860 2489 Ἰταλίας]
891 2416 985 2489 Neque
999 2416 1065 2472 illud
1080 2434 1129 2474 ve-

104 2520 167 2560 rum
190 2511 240 2566 est,
264 2511 306 2560 tot
327 2520 413 2558 annos
436 2502 463 2556 in
480 2501 573 2558 Galliis
595 2502 724 2559 haesisse.
755 2501 814 2557 Non
830 2503 901 2558 enim
915 2502 1030 2574 amplius
1046 2519 1128 2577 quarn

104 2588 193 2647 Annos
217 2589 251 2650 2,
279 2591 429 2644 mensesd
460 2587 590 2650 exulavit,
620 2596 650 2643 ut
677 2595 794 2643 testatur
822 2586 1033 2643 Theodoretus„
1064 2587 1128 2645 Vide

104 2675 176 2730 Ann.
200 2673 302 2728 Eccles.
325 2675 355 2728 A.
373 2675 444 2731 338.
490 2672 601 2744 Reliqua
628 2671 791 2727 narrationis
815 2671 912 2736 huius,
941 2673 1060 2746 quaein
1082 2690 1129 2730 se·

103 2759 201 2834 quenti
231 2758 318 2830 capite
347 2757 418 2812 haud
446 2757 550 2814 sincera
574 2767 654 2823 sunt,
683 2774 715 2812 ex
738 2756 862 2813 Historiis
883 2756 1078 2815 Ecclesiasticis
1101 2767 1129 2815 et

103 2840 254 2898 Annalibus
270 2842 425 2898 Baronianis
448 2843 508 2898 luce
531 2842 644 2898 clariora
667 2851 739 2897 sunt.
769 2842 845 2911 Quae
870 2853 898 2899 tu
920 2842 993 2898 illinc
1004 2851 1126 2917 repetes

105 2927 164 2985 Sul)
187 2927 364 2982 Constantino
388 2913 553 3001 lrripemtore
576 2937 638 2983 ante
661 2928 853 3000 relegationem
875 2927 1021 2991 Athanasii,
1039 2931 1128 3025 Arse-

103 3013 144 3069 nii
166 3013 255 3069 drama
279 3013 402 3117 contigit,
426 3030 481 3067 non
504 3022 567 3086 post
588 3000 659 3068 illius
682 3012 795 3107 obitum.

229 3272 264 3312 ¹.
338 3232 381 3288 Al}
405 3214 571 3290 nautasllt
592 3233 670 3291 LXIX
690 3214 896 3307 saltuosum.
987 3298 990 3309 .
1077 3229 1092 3293 ‘.

118 3380 121 3385 ·
197 3351 255 3407 727
273 3367 296 3406 c.
327 3340 396 3417 lusu
418 3344 476 3425 γὰρ
492 3341 662 3424 Ἐκκλησίαι
677 3347 925 3424 τῆςκαθολικῆς]
956 3348 1127 3421 singularem

105 3443 174 3492 tunc
195 3435 326 3508 temporis
344 3435 519 3493 Alexandriae
542 3450 644 3490 morem
668 3436 740 3490 hunc
763 3434 854 3498 luisse,
878 3433 920 3489 vel
942 3433 1037 3512 saltem
1052 3450 1129 3507 :pau-

103 3519 150 3577 els'
169 3519 196 3574 in
214 3519 341 3576 Ecclesiis
363 3529 534 3592 usurpatum,
559 3537 590 3575 ex
613 3536 646 3576 eo
668 3520 804 3582 coniicias,
828 3519 901 3592 quod
924 3528 978 3574 tam
1001 3535 1128 3593 expresse

104 3604 260 3662 istiusmodi
282 3604 496 3669 consuetudinis,
520 3614 646 3678 tanquam
670 3603 861 3660 Alexandrinae
884 3603 1020 3662 Ecclesiae
1042 3621 1129 3680 pecu·
