2534 4154
157 345 244 389 txvm
565 340 589 388 S.
608 338 758 388 EPll’Hlel

157 494 274 566 speciem
301 491 401 547 habere
429 491 471 546 vel
498 491 645 547 tolerabilis
666 488 816 547 mendacii‘l
859 488 987 546 Arcadius
1009 498 1089 545 uatus
1112 496 1171 546 crat

157 594 226 633 anno
240 580 310 640 374,
333 576 464 631 decennio
486 585 549 649 post
563 576 709 641 Honorius,
731 584 878 648 utrumque
900 575 934 631 de
955 574 1091 648 baptismo
1106 592 1171 632 sas·

156 661 227 733 cepit
248 661 287 715 vir
309 662 336 716 in
358 661 459 715 Palatio
481 660 602 716 sublimis
624 661 732 716 nominc
747 661 886 725 Arsenins,
909 667 937 716 et
959 660 1103 732 utriusque
1125 658 1172 715 iu-

156 746 257 801 ventuti
279 746 461 802 informandae
483 746 612 818 praefuit;
636 745 716 800 simnl
730 746 773 801 illi.
781 747 880 800 Romae
895 745 1005 800 fuerunt
1020 761 1170 816 nunquam,

156 830 204 886 sed
231 848 281 886 nec
303 831 483 904 Epiphanius,
514 831 586 905 qnod
614 831 721 902 quidem
745 831 854 894 sciatur,
883 830 934 885 nisi
956 828 1041 885 semel
1063 836 1170 884 tantum

155 933 225 970 anno
250 918 320 974 382.
349 916 459 971 lllorum
481 933 561 971 soror
581 916 659 972 unica
682 915 755 970 Galla
772 915 889 970 Placidia
911 914 971 983 (sed
993 912 1170 970 exsecando

155 1000 300 1055 Theodosii
322 1001 490 1073 imperatoris
512 1001 647 1074 coningio,
671 999 721 1054 sub
744 1016 843 1054 annum
865 999 993 1054 duntaxat
1017 999 1075 1056 387
1101 1015 1172 1068 con-f

156 1086 270 1157 tracto),
305 1103 359 1159 qno
389 1085 497 1158 quidem
524 1103 594 1142 anno
623 1084 744 1157 praecise
772 1085 808 1140 sit
838 1092 901 1140 nata
929 1084 1086 1158 ignoratum
1121 1082 1171 1138 sed

155 1170 271 1244 quandin
294 1171 423 1226 Arcadius
445 1170 516 1235 visit,
538 1171 638 1226 Romae
661 1169 796 1224 nonfuit.
826 1168 864 1224 Eo
886 1176 977 1224 autem
999 1165 1050 1223 sub
1068 1183 1171 1223 anunm

155 1257 216 1313 408
238 1265 363 1321 mortuo,
392 1255 425 1310 ad
452 1257 562 1311 fratrem
584 1254 733 1309 Honorium
761 1253 789 1308 iu
810 1246 912 1309 ltaliam
939 1252 1076 1326 profecta,
1105 1251 1171 1309 dum

153 1341 254 1396 Romae
276 1358 372 1396 secure
394 1341 448 1413 agit
470 1340 557 1395 adhuc
578 1339 662 1410 virgo,
686 1355 756 1393 anno
780 1340 839 1395 409
863 1337 998 1402 aGothis,
1021 1337 1055 1392 ad
1070 1335 1171 1394 Urbem

153 1433 216 1481 ante
239 1443 338 1481 annum
361 1434 465 1498 captam
487 1442 519 1480 ex
541 1423 685 1496 improviso
707 1423 850 1496 regressis
872 1422 953 1478 etiam
974 1422 1032 1495 ipsa
1054 1423 1170 1495 capitur,

100 1573 103 1578 .
154 1510 187 1566 ab
211 1528 305 1567 eorum
328 1528 392 1583 rege
413 1509 547 1580 AtaulpHo
572 1508 600 1563 in
621 1525 734 1563 uxorem
757 1507 887 1572 sumitur,
916 1507 992 1563 etin
1014 1506 1171 1580 Hispaniam

153 1595 310 1661 abducitur;
337 1593 412 1649 fratri
434 1602 525 1648 autem
546 1592 649 1648 reddita
671 1601 699 1648 et
722 1592 879 1648 Constantio
902 1594 1047 1666 desponsa,
1071 1591 1172 1648 Valen-

154 1681 283 1746 tinianum
306 1679 441 1734 Iuniorem
469 1678 575 1751 peperit
599 1694 670 1732 auaro
693 1680 771 1742 418,
801 1694 852 1733 ncc
874 1676 955 1733 alium
977 1676 1064 1731 scitur
1084 1675 1172 1734 lilium

152 1764 289 1827 habuisse,
314 1763 364 1817 nisi
387 1762 477 1817 forsan
499 1780 532 1818 ea
553 1779 618 1835 rege
638 1761 755 1818 barbaro
778 1762 805 1817 in
827 1760 953 1835 Hispania
968 1761 1016 1816 SS.
1030 1759 1172 1816 Theodul·

153 1849 237 1921 phum
259 1865 290 1902 ac
312 1847 509 1903 Theodericum
531 1847 651 1920 peperit,
678 1847 712 1903 de
734 1845 832 1920 quibus
855 1846 926 1919 apud
948 1845 1072 1901 Treviros
1093 1861 1172 1901 mor·

153 1931 206 1986 tuis
228 1940 318 1987 actum
340 1948 355 1985 a
377 1931 455 1986 nobis
481 1935 493 1989 1
512 1932 581 1987 Maii.
612 1931 735 2000 Quamvis
758 1941 849 2000 autem
870 1932 938 1988 hacc
960 1930 1049 1986 omnia
1071 1929 1173 1986 certis-

152 2015 219 2071 sima
248 2016 316 2080 sint,
346 2016 458 2089 fingitur
484 2025 574 2072 tamen
596 2016 762 2090 Epiphanius
791 2014 825 2072 ah
847 2015 961 2072 Arcadio
987 2023 1016 2070 et
1036 2013 1170 2083 Honorio,

152 2109 183 2157 ut
204 2099 270 2165 dni,
293 2109 403 2160 vocatus
425 2102 537 2157 Romam
558 2100 592 2156 ad
615 2118 710 2157 eorum
731 2117 839 2174 aegram
860 2117 983 2156 sororem
1006 2100 1169 2156 curandam:

151 2185 233 2259 idque
255 2203 310 2241 non
332 2194 438 2243 tantum
459 2186 643 2260 praestitisse,
669 2186 717 2242 sed
739 2190 820 2242 ctiam
842 2185 900 2241 eius
921 2184 1006 2241 filium
1029 2192 1169 2245 mortuum

151 2270 314 2336 suscitasse,
338 2271 383 2326 tali
405 2271 481 2345 lege,
510 2280 541 2327 ut
562 2271 740 2344 imperatores
762 2287 824 2326 cum
845 2287 941 2327 sorore
962 2278 1045 2342 atque
1065 2277 1168 2342 nepote

150 2356 232 2412 fidem
247 2356 418 2429 susciperent
434 2357 628 2413 Christianam:
651 2355 725 2431 qnod
741 2364 769 2412 et
782 2355 905 2422 fecerint,
927 2354 1057 2428 baptizati
1072 2371 1168 2411 omues

151 2441 184 2498 ab
216 2441 382 2515 Epiphanio,
413 2438 625 2515 suscipientibus
661 2441 824 2498 “Arcadium
855 2440 985 2516 Polybio,
1017 2439 1169 2496 Honorium

151 2527 268 2590 lsaaco‚”
297 2543 391 2583 corum
420 2535 563 2584 “sororem
590 2526 719 2583 Proclisia
747 2526 877 2591 Patricia,
911 2535 940 2584 et
971 2525 1056 2581 filium
1086 2524 1168 2579 huius

150 2610 266 2681 quodam
290 2613 442 2676 eunucho‚”
465 2630 519 2667 non
541 2612 599 2668 sine
621 2611 761 2685 prodigiis.
801 2611 836 2667 Et
855 2611 925 2667 haec
947 2610 1055 2683 quidem
1078 2607 1169 2665 omnia

150 2694 254 2749 vivente
276 2695 364 2750 adhuc
386 2696 538 2752 'lheodosio
561 2696 674 2752 Seniore
688 2701 822 2770 Augusto,
845 2703 927 2769 atque
948 2694 1016 2750 adeo
1038 2702 1102 2749 aute
1115 2711 1171 2750 aa·

150 2795 214 2834 num
238 2781 308 2842 395,
332 2796 386 2850 quo
409 2780 453 2834 hic
475 2798 490 2835 e
513 2780 565 2835 vita
585 2781 716 2852 migravit.

236 2866 284 2919 53.
328 2862 413 2918 Roma
434 2863 460 2918 in
485 2864 601 2936 Cyprum
624 2880 764 2928 reversus,
794 2860 976 2934 attingitur,
999 2860 1167 2934 Epiphanius

149 2964 204 3003 non
226 2947 379 3003 diuturnam
402 2946 439 3001 ibi
461 2947 579 3020 quictem
602 2947 705 3012 habuit,
728 2947 776 3002 sed
795 2953 938 3020 postquam
953 2945 1015 3000 fami
1031 2943 1166 3017 publicae,

149 3033 280 3106 coemptis
297 3031 461 3088 Faustiniani
482 3032 605 3106 frugibus
628 3032 776 3105 prudenter
798 3030 989 3095 consuluisset,
1014 3038 1041 3086 ct
1056 3029 1166 3090 insidias

148 3118 217 3174 vitae
239 3135 305 3173 suae
326 3135 341 3173 a
363 3117 460 3173 Rufino
483 3117 596 3174 diacono
619 3135 685 3182 suo,
715 3134 747 3173 eu
769 3114 889 3173 ciusdem
911 3114 1076 3170 Faustiniani
1098 3133 1168 3192 sug·

148 3204 288 3276 gestione,
318 3211 424 3276 paratas
454 3202 540 3259 divina
568 3202 746 3276 praenotione
769 3200 913 3265 evasisset,
942 3210 1071 3257 evocatur
1093 3201 1167 3257 Cun-

148 3289 367 3363 stautinopolim,
395 3287 429 3345 ad
453 3288 620 3361 praedictam
642 3287 833 3359 imperatorem
857 3285 1056 3354 Theodosium
1084 3303 1166 3360 quem

149 3373 262 3445 pedibus
283 3374 452 3430 laborantem
473 3366 615 3437 sanaverit,
637 3371 765 3428 laetitiam
788 3371 887 3427 faciens
911 3389 965 3428 non
982 3380 1087 3428 tautum
1102 3371 1164 3445 apsi,

148 3459 198 3513 scd
227 3467 255 3514 et
282 3460 342 3515 liliis
371 3459 483 3515 Arcadio
513 3465 595 3530 atque
617 3456 752 3521 Honorio,
783 3474 833 3530 per
860 3457 970 3513 eosdem
999 3457 1055 3512 dies
1078 3456 1163 3513 Roma

150 3540 411 3616 Constantinopolim
433 3543 557 3599 reversis.
587 3542 666 3598 Prius
688 3550 881 3616 autemquam
903 3541 936 3598 ab
958 3541 991 3598 iis
1014 3542 1165 3610 discederet

43 3661 46 3666 -
148 3622 605 3705 sauutns,·.llaustiuianus..codem
633 3626 765 3685 abductus
790 3627 826 3685 in.
840 3627 953 3687 vinculis
974 3625 1045 3683 male
1066 3626 1167 3690 dicitnr.
