2534 4154
468 320 757 373 turnaovaasronus.
1085 307 1123 370 13

110 460 160 538 boo
182 477 323 551 Scriptore
344 484 430 541 notat,
453 477 576 550 sparsim,
600 492 630 532 ae
653 494 702 533 suo
725 476 785 533 loco
807 476 960 534 viderimus.
991 476 1069 545 Quod
1090 477 1124 533 ad

108 579 237 639 praesens
259 559 421 621 vocabulum
442 570 561 634 spectat,
584 560 654 617 male
675 560 710 617 ab
732 560 881 635 Epiphanio
910 571 989 635 putat
1015 552 1126 636 σεροὺχ

107 636 278 726 ἔριθισμὸν-
296 646 381 702 verti:
403 650 466 701 eum
487 647 524 702 ita
546 645 718 702 scribendum
741 646 776 702 sit
796 646 850 703 hoo
872 661 981 710 nomen,
1004 639 1126 722 σεροὺγ,

107 743 135 793 et
153 732 353 806 propoqioeoa,
375 747 431 787 noa
453 731 630 787 irritationem
652 730 794 804 signifieat.
836 730 909 787 Haeo
930 731 984 788 ille.
1028 731 1127 788 Verum

106 817 242 893 purgandi
263 818 317 873 boo
339 816 448 890 quidem
469 816 531 872 loeo
546 814 688 888 Epiphanii
702 814 785 872 iaeilis
801 824 845 872 est
859 824 888 872 et
901 815 1032 888 explicata
1047 816 1125 873 ratio.

106 904 229 960 Primum
257 901 328 957 enim
352 890 479 976 σεροῦχ,
508 917 562 967 uon
585 892 695 974 oapody
717 899 888 957 scribendum
910 900 949 957 illi
970 900 1036 965 fuit,
1063 916 1126 957 oum

105 988 200 1062 priore
221 985 304 1043 modo
319 986 384 1042 Lxx
406 985 589 1058 conceperint.
619 984 653 1040 Et
667 984 725 1041 lieri
741 994 841 1058 potest,
864 995 895 1042 ut
909 985 1040 1043 Hebraico
1056 1003 1127 1058 quo-

105 1089 163 1146 que
185 1071 281 1127 saltem
303 1070 406 1144 aliquot
427 1071 454 1126 in
477 1069 674 1142 exemplaribus
696 1083 775 1130 nano
791 1086 846 1125 nou
860 1084 939 1131 arata
959 1070 1060 1127 lectum
1074 1071 1125 1127 sit:

106 1174 140 1215 ex
163 1155 343 1229 quo‘Graeee
365 1147 476 1229 σεροὸχ
499 1155 642 1211 ediderant
663 1155 738 1211 LXX.
772 1155 838 1211 Nam
860 1154 884 1216 ri
905 1172 992 1228 perp(
1012 1155 1128 1229 plerun-

106 1258 163 1316 que
185 1239 262 1296 reddi
285 1239 369 1296 solet:
393 1250 424 1296 ut
445 1241 472 1295 in
495 1253 568 1299 uana
585 1249 612 1295 et
627 1253 680 1304 nra,
704 1238 828 1305 Noobor,
853 1249 880 1296 et
898 1240 992 1296 cnam.
1023 1241 1127 1296 Utoun·

106 1343 165 1402 que
186 1342 250 1382 vero
273 1325 403 1398 seriptum
427 1324 553 1387 extiterit,
577 1332 669 1397 potest
690 1324 830 1381 commoda
852 1325 940 1399 aliqua
963 1326 1128 1398 interpreta-

106 1411 184 1469 tione
200 1409 341 1482 Epiphanii
356 1409 492 1483 glossema
507 1409 622 1466 delendi.
653 1409 785 1482 Imprimis
801 1423 864 1469 aum
877 1411 1045 1482 perplanans
1057 1425 1127 1474 esse,

106 1505 191 1570 atque
213 1495 377 1551 intricatam
398 1494 545 1568 signifieat:
568 1494 640 1550 unde
662 1506 738 1554 law
752 1510 891 1567 propnpo,
915 1511 970 1550 non
984 1506 1072 1558 aiau,
1096 1502 1128 1551 ut

109 1579 269 1643 calvinistae
291 1579 401 1652 placuit.
432 1580 521 1648 Quare
542 1594 685 1651 perperam
708 1588 735 1635 et
756 1579 816 1652 ipse
837 1573 957 1657 oepody,
979 1579 1035 1634 siva
1049 1588 1127 1638 aaa&

102 1665 294 1740 propopinem
321 1664 415 1728 vertit;
444 1681 504 1719 euna
534 1663 602 1720 ratio
631 1664 765 1737 postulet,
794 1673 825 1721 ut
851 1665 887 1721 sit
907 1665 1071 1729 intricatae,
1099 1671 1128 1719 et

103 1751 270 1824 perplexos.
300 1746 341 1804 Et·
356 1749 483 1820 quoniam
505 1765 575 1822 quae
598 1749 730 1804 eiusmodi
752 1758 831 1813 suut,
853 1750 907 1805 hoe
929 1758 971 1806 est
993 1748 1129 1821 implicata

107 1844 141 1901 et,
161 1833 296 1908 perplexa,
321 1833 395 1889 tricis
418 1833 474 1889 suis
497 1826 653 1910 ἐρεθίζειν,
675 1850 831 1906 provocare,
854 1843 936 1907 atque
959 1834 1064 1890 irritare
1080 1850 1129 1890 so-

106 1920 183 1982 lent,
207 1917 269 1974 inde
291 1917 507 1978 fortasse'ltffm
530 1911 564 1974 τὸ
587 1911 741 1994 ἓρεθίζον,
770 1918 812 1974 vel
832 1912 998 1995 ἓρεθισμὸς
1020 1918 1128 1984 dieitur,

107 2022 144 2062 ex
165 2002 347 2059 reconditione
369 2002 469 2075 lingua.
499 2002 559 2059 Non
582 2003 653 2060 enim
676 2020 770 2059 omnes
791 2004 911 2060 omniurn
933 2020 1030 2062 vorum
1047 2014 1129 2077 pote-

106 2098 195 2147 states
223 2088 251 2143 in
277 2088 360 2144 saeris
382 2087 468 2143 literis
490 2104 633 2161 expressae
656 2097 728 2144 sunt.
774 2088 821 2144 Sin
843 2098 886 2145 est
907 2099 938 2145 ut
960 2102 1040 2148 trano
1062 2087 1128 2144 Lxx

107 2175 137 2231 in
162 2171 288 2230 Hebraeo
313 2173 480 2246 repererint,
510 2174 555 2247 qui
584 2165 694 2249 σεροὺχ
716 2174 897 2247 seripserunt;
927 2173 1072 2230 bellissime
1095 2171 1128 2229 ad

107 2260 184 2315 laune
206 2257 315 2314 modum
338 2256 489 2330 quadrabit.
533 2269 600 2318 rano
624 2257 778 2323 Chaldaeis,
801 2267 829 2314 et
850 2256 977 2315 babbinis
1001 2266 1042 2314 est
1064 2274 1129 2330 per·

107 2360 188 2400 verse
210 2359 291 2415 agere
313 2341 385 2399 Sam.
411 2344 439 2407 2,
459 2345 494 2400 19
518 2344 552 2399 de
574 2343 663 2399 Semel
686 2352 752 2403 rrae
774 2354 808 2403 ”a
827 2359 962 2415 peruerse
985 2343 1052 2412 epit,
1083 2359 1128 2397 re·

107 2429 235 2486 bellavit.
266 2426 333 2484 Hine
348 2438 444 2500 qnare
459 2427 604 2500 iniqnitas,
624 2434 779 2499 peecatum,
802 2428 933 2483 rebellio:
956 2437 1066 2499 patrato
1082 2443 1130 2483 re-

107 2512 207 2571 belles.
251 2511 315 2567 Vide
337 2512 420 2568 Eliaua
445 2513 471 2566 in
493 2512 594 2568 Thisbi.
636 2511 810 2584 lndidemque
832 2503 951 2586 σεροὺχ,
973 2513 1026 2568 hoo
1049 2519 1091 2567 est
1113 2529 1128 2568 a

108 2596 279 2662 rebellione,
294 2597 462 2653 contumacia
486 2606 513 2653 et
536 2591 702 2675 ἐρεθισμῷ.
730 2595 829 2653 Eadem
844 2613 894 2651 vox
910 2595 1042 2659 Hebraico
1058 2597 1130 2653 idem

108 2691 155 2741 est
175 2698 207 2738 ao
228 2681 398 2755 superfluum
420 2699 489 2746 esse,
512 2681 673 2745 redundare,
697 2681 769 2755 quod
792 2690 820 2738 et
841 2681 919 2737 aliam
941 2682 1062 2739 eiusdem
1077 2699 1131 2739 uo-

109 2766 194 2824 tiouis
216 2767 348 2840 originem
363 2765 483 2839 indicat:
507 2766 583 2840 quasi
606 2766 650 2829 sit,
674 2760 706 2822 la
720 2762 897 2844 περιουσίας
908 2759 1051 2845 ὑβρίζειν,
1074 2768 1131 2824 las-

110 2851 202 2917 civire,
227 2859 254 2907 et
276 2850 407 2915 insultare
428 2866 461 2908 ae
483 2851 635 2924 procaciter
656 2850 771 2906 irritare.
801 2851 849 2908 Est
870 2852 915 2909 illa
930 2871 994 2910 vero
1009 2853 1131 2926 Epipha-

110 2936 151 2993 uii
171 2936 360 3008 interpretatio
382 2936 464 3010 longe
478 2935 653 3008 probabilior,
677 2952 757 3008 quam
772 2955 841 3011 quae
857 2938 929 3010 apud
944 2939 1054 2994 Hieron.
1070 2936 1126 2991 Lib.

109 3021 148 3077 de
169 3020 246 3076 Nom.
271 3019 353 3078 Heba.
378 3020 491 3093 legitur:
522 3029 553 3077 ut
582 3021 618 3077 sit
639 3022 777 3093 campie,
805 3024 850 3078 ael
867 3024 1019 3095 perfectus.
1063 3023 1129 3077 Nam

109 3118 199 3180 qaam
222 3122 277 3161 uon
299 3115 375 3166 aram
391 3104 532 3178 corrigiam
546 3113 641 3161 sonat:
665 3106 737 3163 unde
754 3105 847 3171 Seruo,
872 3101 992 3184 oepoda,
1007 3123 1062 3161 non
1078 3106 1130 3161 Se-

109 3207 165 3262 rug
186 3189 332 3263 legendum
355 3199 437 3246 esset.
468 3190 624 3264 Quanquam
646 3190 724 3246 litera
746 3193 815 3265 eaph
835 3191 863 3247 in
885 3191 938 3247 fine
960 3208 1022 3247 oum
1037 3191 1129 3264 Rapbe

107 3275 232 3348 aspirata
254 3275 465 3348 pronunciatur:
489 3274 550 3331 ideo
574 3275 675 3332 Graece
697 3266 819 3352 σερούχ.
847 3277 887 3330 An
909 3277 947 3331 ita
962 3276 989 3330 in
1005 3274 1128 3332 Hebraeo

108 3361 216 3432 legerat
239 3359 350 3416 Hieron.
374 3368 420 3415 aut
441 3360 507 3416 LXX
528 3359 655 3417 Seniores
678 3360 795 3421 divinare
817 3376 872 3416 non
894 3360 968 3416 libet.
1007 3360 1159 3422 Alterumn

108 3444 262 3518 glossema,
282 3444 357 3519 quod
378 3443 452 3501 addit
473 3444 661 3518 Hieronymus,
685 3461 783 3517 nempe
796 3445 948 3516 perfectos,
971 3462 1026 3501 non
1042 3447 1128 3520 capio,

109 3545 204 3604 neque
226 3529 259 3585 ad
282 3546 339 3585 rem
362 3529 500 3603 pertinere
522 3539 599 3603 puto.
641 3529 707 3598 Quis
730 3537 819 3587 autem
841 3529 945 3586 neseiat
966 3530 1050 3587 multa
1072 3531 1129 3588 He-

108 3615 259 3671 braeorum
282 3614 419 3680 vocabula,
443 3614 516 3687 quod
538 3615 615 3671 aliter
628 3615 728 3671 Graece
750 3613 900 3688 perscripta
922 3626 1023 3681 esseut,
1046 3627 1074 3699 et
1092 3617 1129 3672 ab
