2534 4154
468 323 761 401 nurninvnnstonns
969 364 973 372 .
1067 312 1122 375 tat

112 483 177 544 sant,
200 478 335 543 rotundo,
357 486 389 534 ut
410 477 526 544 assolet,
555 494 670 536 numero
692 488 863 537 arimannos
890 483 946 539 150
970 481 1042 538 dixit.
1089 481 1129 540 uo

109 561 224 620 llusabio
247 562 370 636 expedita
391 581 436 621 res
459 564 525 629 erit,
552 564 575 620 si
597 573 644 621 aut
665 565 767 638 ipsius,
796 575 843 622 ant
864 565 965 623 librarii
987 567 1066 640 eulpa
1088 569 1128 647 τῇ

109 641 235 729 δευτέρᾳ
261 665 312 722 pro
340 649 378 726 τῇ
399 642 535 729 προτέρᾳ
556 649 699 722 irrepsisse
722 650 851 706 dicamus.
895 651 961 708 Nam
984 653 1129 725 perspicuo

106 725 161 809 τὴν
181 726 330 810 δευτέραν
348 733 421 789 illam
444 751 504 789 esse
526 733 668 807 significat,
692 752 773 808 quam
795 753 846 792 nos
868 737 982 809 primam
1004 738 1127 803 iacimus,

106 820 220 893 primam
248 826 354 884 autem,
384 835 454 891 quae
481 818 561 875 nobis
589 829 632 876 est
653 821 783 876 secunda.
829 821 1016 887 Postremum,
1046 833 1129 896 atque

107 903 229 960 omnium
255 903 441 959 diffieiMimum
470 912 526 966 est,
556 905 629 978 quod
659 904 692 960 de
720 904 855 962 Marcione
884 907 963 963 nobis
991 907 1127 965 obiicitur.

108 989 204 1058 Quam
227 996 260 1045 ut
280 997 463 1045 consentanea
484 988 637 1062 loquamur,
660 989 847 1046 aibrmandum
864 1000 975 1048 estnon
990 993 1129 1050 Antonino

107 1074 216 1131 demum
237 1073 397 1147 imperante,
421 1073 469 1129 sed
491 1073 542 1128 sub
564 1074 680 1130 Adriano
703 1075 836 1148 coepisse.
866 1078 954 1150 Atque
976 1078 1049 1140 baud
1071 1078 1129 1135 scio

107 1176 140 1215 an
162 1159 218 1214 duo
240 1157 312 1213 iMius
334 1157 523 1231 distinguenda
546 1159 600 1215 sint
622 1168 753 1232 tempora,
778 1168 809 1216 ut
830 1160 856 1215 in
872 1162 1010 1235 plerisque
1025 1163 1128 1218 Haere-

108 1243 183 1300 sibus
206 1242 312 1307 accidit,
335 1244 371 1298 ita
394 1252 424 1298 ut
446 1242 497 1299 sub
515 1243 631 1299 Adriano
653 1245 771 1317 primum
793 1247 923 1317 eruperit,
947 1256 1042 1320 postea
1064 1265 1129 1304 vero
1177 1254 1185 1267 ’

107 1328 158 1385 sub
180 1327 319 1384 Antonino
346 1328 428 1400 longe
455 1329 564 1400 lateque
592 1329 747 1403 propagatis
776 1328 915 1386 erroribus
944 1331 1051 1387 celebre
1077 1331 1129 1388 sibi

108 1429 208 1470 nornen
236 1413 384 1486 pepererit.
427 1414 466 1469 Ac
488 1413 669 1469 Tertullianus
697 1414 821 1487 prolecto
844 1415 895 1470 etsi
917 1415 968 1471 sub
990 1417 1128 1472 Antonino

108 1498 272 1555 Marcionem
287 1514 407 1554 errorem
424 1498 563 1554 exbalasse
577 1498 687 1564 scribat,
710 1510 793 1572 negat
808 1508 897 1556 tamen
912 1502 981 1557 scire
997 1518 1027 1556 se
1043 1508 1129 1575 quoto

110 1583 168 1640 eius
191 1599 263 1638 anno
286 1583 417 1655 coeperit.
450 1582 542 1651 Quoto
565 1585 676 1655 quidem
690 1601 774 1650 cono,
798 1584 895 1658 inquit,
918 1584 1055 1642 Antonini
1067 1600 1130 1641 nae

108 1670 179 1724 ioris
200 1670 235 1723 de
256 1667 346 1723 Ponto
368 1684 419 1723 auo
442 1668 620 1724 cananaeos
641 1686 716 1725 cura
739 1671 928 1736 canicularis,
950 1682 1008 1728 non
1029 1671 1130 1727 carnari

107 1754 289 1825 investigare.
330 1752 497 1826 Epiphanius
519 1754 547 1808 in
568 1753 787 1811 Marcionitarum
808 1755 920 1812 Haeresi
942 1755 1037 1813 scribit
1058 1756 1131 1812 Mar-

109 1840 216 1896 cionem
238 1855 300 1894 cum
322 1855 337 1892 a
358 1847 436 1910 patre
452 1856 502 1894 suo
517 1838 613 1911 pulsus
628 1857 722 1913 pacem
738 1856 769 1895 ac
784 1840 887 1896 veniam
904 1841 1034 1898 eblandiri
1049 1841 1130 1898 nullia

107 1923 237 1998 precibus
252 1932 357 1996 posset,
381 1923 492 1980 Romam
508 1941 539 1979 se
553 1933 616 1996 post
632 1925 727 1999 Hygini
744 1924 850 1981 obitum
865 1927 1023 1983 contulisse,
1048 1928 1132 1983 Cum·

109 2027 161 2085 que
184 2008 269 2064 nihilo
290 2009 376 2080 magis
398 2008 471 2081 quod
495 2009 621 2081 cupiebat
641 2010 695 2067 illic
710 2010 856 2076 obtineret,
879 2021 938 2067 tum
953 2015 1061 2069 demum
1077 2029 1132 2085 pu·

108 2095 207 2168 plicata
228 2092 339 2148 Haeresi
362 2110 409 2148 sua
431 2094 577 2150 Ecclesiam
600 2112 783 2170 oppugnasse.
828 2095 926 2169 Hygini
949 2096 1040 2154 obitus
1063 2114 1132 2153 con·
1221 2136 1225 2144 -

109 2179 197 2236 brtur
223 2178 251 2234 in
280 2194 380 2233 annum
396 2179 531 2242 Antonini
557 2181 610 2245 18;
639 2190 702 2237 ante
730 2181 804 2254 quod
831 2190 939 2254 tempus
967 2182 1131 2237 Marcionem

109 2262 248 2320 Haeresim
270 2280 347 2318 suam
370 2262 560 2320 disseminasse
580 2282 693 2320 necesse
707 2275 759 2330 est,
783 2282 844 2321 cum
859 2267 988 2330 lustinus,
1012 2266 1059 2339 qui
1074 2267 1132 2320 An-

110 2349 205 2407 tonino
228 2356 255 2403 et
278 2347 387 2420 quidem
409 2348 513 2421 imperii
537 2349 595 2404 eius
617 2350 711 2415 initio,
734 2350 892 2422 Apologiam
916 2350 1031 2415 obtulit,
1059 2350 1133 2405 Mar·

111 2433 196 2490 donis
218 2433 380 2488 meminerit.
410 2433 499 2501 Quare
515 2433 622 2506 duplex,
645 2435 685 2490 uti
701 2433 921 2499 coniiciebamus,
945 2435 1133 2491 Marcionista-
1155 2483 1157 2488 .

110 2535 172 2574 rum
193 2525 272 2573 ortus
294 2534 355 2573 esse
377 2518 468 2574 debet.
498 2517 564 2573 Nam
587 2518 703 2591 primum
725 2520 753 2575 in
775 2519 863 2574 Ponto
880 2528 908 2574 et
918 2519 980 2574 Asia
1003 2519 1133 2576 duntaxat

110 2602 243 2659 nefarium
266 2601 363 2675 dogma
385 2603 562 2675 praedicavit,
586 2603 667 2676 idque
688 2603 805 2659 Adriano
828 2603 988 2676 imperante
1033 2605 1133 2661 Postea

111 2687 162 2744 sub
184 2687 323 2742 Antonino
351 2688 466 2744 maiores
496 2688 606 2743 trahens
628 2689 739 2761 spiritus
762 2688 949 2746 vehementius
971 2690 999 2746 in
1021 2691 1133 2749 eosdem
1194 2700 1197 2705 “

110 2772 172 2829 illos
201 2789 311 2827 errores
341 2774 432 2845 coepit
460 2772 627 2829 incumbere.
672 2774 777 2848 Hygino
805 2791 869 2830 voro
893 2775 1001 2831 deinum
1024 2785 1134 2831 mortuo

110 2857 238 2932 primitus
265 2856 363 2930 dogma
392 2857 521 2914 Cerdonis
549 2859 728 2931 interpolasse
756 2858 919 2917 Marcionem
949 2861 1023 2917 nullo
1052 2861 1134 2916 modo

110 2958 223 3000 censeo.
267 2938 339 2997 Haec
367 2942 400 2998 de
421 2943 517 2998 lustini
545 2960 576 2999 ac
597 2942 741 3000 Marcionis
766 2944 935 3018 temporibus
958 2945 1041 3001 habui
1064 2960 1134 3019 quae

111 3028 240 3085 dicerem.
285 3027 379 3083 Dicent
408 3027 452 3083 alii
478 3028 594 3084 fortasse
622 3030 744 3086 meliora.
779 3029 844 3086 Nam
873 3030 974 3086 nostris
1003 3029 1055 3085 illis
1078 3044 1134 3084 non

111 3109 181 3169 ad‘eo
204 3111 374 3176 confidimus,
397 3121 504 3169 utnon
527 3113 617 3169 afferri
639 3115 756 3171 certiora
778 3132 859 3187 posse
882 3131 1035 3187 speremus.

166 3237 169 3242 -
201 3199 257 3255 391
278 3213 302 3253 c.
334 3188 522 3274 decepisti
546 3191 721 3255 δωδέκατον
742 3192 822 3273 ἔτος]
860 3200 1065 3255 Consentaneus
1088 3214 1135 3254 er·

113 3299 161 3338 ror
182 3291 226 3338 est
248 3282 281 3347 ei,
305 3299 386 3357 quem
408 3283 489 3355 paulo
511 3292 589 3339 antea
613 3284 796 3349 refutavimus,
819 3283 870 3339 sub
885 3283 1002 3339 Adriano
1023 3299 1134 3356 passum

114 3385 176 3424 esse
198 3367 342 3423 lustinum.
387 3367 466 3435 Quod
488 3385 549 3424 cum
572 3369 668 3424 falsum
690 3369 741 3434 sit,
764 3368 877 3441 perinde
898 3367 995 3423 falsum
1019 3377 1061 3424 est
1082 3368 1134 3424 sub
1173 3385 1174 3388 ¹

113 3452 252 3509 Antonino
274 3451 338 3517 Pio,
367 3452 492 3509 videlicet
518 3462 582 3526 post
610 3453 705 3508 lustini
734 3452 855 3518 obitum,
884 3452 1005 3510 scholam
1034 3453 1135 3510 erroris

115 3537 255 3611 aperuisse
277 3537 428 3602 larianum,
451 3538 525 3610 quod
548 3537 599 3594 sub
622 3538 711 3593 Marco
733 3537 843 3593 Aurelio
865 3538 954 3594 iacere
976 3539 1075 3612 potuit.

203 3623 264 3683 394
279 3620 307 3678 b.
339 3616 436 3679 ἕνεκεν
457 3615 491 3679 δὲ
505 3613 699 3701 σφαλμάτων
712 3615 744 3678 ἓν
758 3611 834 3704 ᾅδῃ]
857 3623 977 3680 Notanda
993 3623 1137 3700 Epiphanit
