2534 4154
50 364 58 381 .
142 316 203 377 342
311 298 426 380 r'cravn
445 330 726 382 nnrnnnvensroncs
745 333 782 382 nn
802 332 992 383 naconnruu.

225 475 352 557 Κόλλοι]
384 486 537 557 Stephanus
554 477 683 552 Κώλους
705 487 821 560 appellat
837 486 955 542 Caucaso
977 486 1160 560 propinquos.

141 570 277 644 aquibus
302 571 389 626 Colica
411 570 496 642 regie.

227 649 398 732 Κορζηνοί]
442 655 535 711 Scribe
555 646 706 731 Ὀρσηνοί.
749 655 797 709 Est
820 655 891 709 enim
910 647 1042 731 Ὀρσήνη
1065 655 1163 710 Ptole-

142 757 218 795 maeo
243 741 352 794 minoris
368 741 508 795 Armeniae
533 750 643 794 [rarius.
674 741 726 796 Pro
743 740 907 812 Beneagenis
931 739 994 813 quid
1017 756 1160 811 reponam,

143 825 214 881 aliud
237 825 323 879 habeo
347 825 425 888 nihil,
449 825 500 880 nisi
523 820 720 900 Issirpnpopvoi,
743 842 811 899 quos
835 842 916 898 supra
939 825 967 879 in
989 823 1060 879 Semi
1085 833 1162 878 serlo

142 917 281 983 posuerat.
312 909 374 973 Sed,
397 919 428 964 ut
450 910 530 982 paulo
554 919 616 982 post
639 911 774 975 admonet,
798 910 825 964 in
849 909 959 967 diversis
975 909 1162 982 possessioni-

143 995 194 1050 bus
218 994 296 1048 iidern
321 1005 422 1049 tractus
446 995 592 1067 populique
616 1004 771 1050 censentur.

233 1081 288 1134 117
306 1078 331 1133 o.
358 1073 504 1151 Ἵππὶκοί]
550 1079 612 1134 For.
633 1071 760 1150 Ὀπικοὶ,
784 1087 830 1133 aut
848 1070 982 1155 Ἲρπῖνοι.
1027 1077 1088 1133 Mox
1109 1095 1162 1150 pro

143 1159 338 1237 Λιβυστηνοὶ
363 1165 487 1236 suspicor
509 1165 561 1236 leg.
585 1159 786 1238 Λιγυσῑηνοί.
888 1160 891 1165 ’

228 1241 396 1323 Romnae]
428 1251 467 1302 An
490 1249 609 1303 Vasates,

234 1336 289 1391 118
307 1334 331 1388 d.
356 1325 529 1406 Ἀμιναδάβ
551 1326 604 1389 τὸν
618 1323 754 1388 Νασσὼν
771 1326 822 1386 καὶ
837 1325 891 1389 τὸν
905 1323 1052 1405 Σαλμών]
1076 1331 1165 1386 Noas-

145 1435 195 1472 son
217 1419 311 1490 genuit
333 1419 450 1482 Salmon,
475 1436 530 1473 non
553 1418 610 1473 eius
634 1418 716 1472 frater
739 1417 835 1473 extitit.

227 2527 323 2578 rapine
338 2527 447 2569 linfflss
463 2528 485 2568 in
500 2527 568 2570 clanii
584 2527 607 2568 13
621 2551 645 2559 —
660 2529 681 2570 in
697 2527 728 2579 141,
745 2527 830 2579 Corripe
845 2528 866 2570 in
881 2527 950 2569 Martii
966 2529 989 2569 12
1002 2551 1027 2558 -
1042 2528 1063 2569 in
1080 2529 1111 2570 13.

443 3633 540 3688 Lipsiae,
560 3636 612 3691 appis
628 3635 642 3678 1.
655 3635 677 3678 B.
692 3635 875 3679 Hirschfeld.
