2534 4154
151 325 190 384 θλ
606 330 718 380 tn'tnvtt

147 481 411 581 παραχρήσοισθαι
433 486 471 562 τῇ
492 479 592 560 σαρκί,
614 484 738 556 flagitiosi
761 477 893 557 dogmatis
915 485 1085 541 occasionem
1101 502 1163 542 esso

147 582 246 628 natam.
288 573 332 628 Sio
355 571 425 626 enirn
447 569 491 624 ille
513 568 560 625 lib.
578 572 595 626 2
619 569 720 624 Strom.
756 566 896 625 Τοιοῦτοι
920 562 954 624 δὲ
975 562 1076 625 καλ
1048 587 1075 624 οι
1099 561 1162 646 φά-

148 672 270 724 σκοντες
291 646 419 722 ἕαυτοδς
434 647 579 733 Νικολάῳ
602 644 770 709 ἕπεσθαι
753 671 825 726 anot
813 645 1013 728 μνημόνευμοί
1035 672 1062 710 τι
1087 647 1162 710 τείν-

148 736 221 818 δρδς
252 735 439 842 φέροντες
426 757 458 795 εκ
489 711 690 815 παρατροπῆς
716 730 751 794 τὸ
780 734 842 794 δεῖν
870 737 1093 838 παραχρῆαθαι
1121 741 1164 818 τῇ

147 821 246 903 σαρκί.
278 817 373 881 οίλλΗ
360 844 376 881 ο
397 817 454 897 μὲν
397 824 601 898 γενναῖος
615 816 752 879 κολούειν
766 817 830 878 δεῖν
843 814 1005 897 ἐδήλου
968 841 1023 890 τας
1037 841 1069 879 τε
1084 797 1161 899 ἡδί-

146 905 209 980 νδς,
232 904 287 977 τίς
309 926 339 966 τε
361 903 494 965 ε’πιθυ’
455 925 543 982 μιας,
566 905 615 964 καί
638 910 676 986 τῇ
699 901 823 982 ἀσκήσει
846 899 942 984 ταύτῃ
964 926 1043 963 κατα
1043 903 1161 983 μαραί-

145 1011 205 1050 νειν
231 989 288 1061 τὰς
316 996 370 1068 τῆς
396 987 511 1065 σαρκὸς
538 985 636 1070 ὁρμάς
664 1010 695 1049 τε
723 988 773 1046 καί
803 987 961 1060 ἐπιθέσεις.
1005 985 1033 1047 oi
1061 987 1096 1048 δὲ
1119 990 1163 1060 εἰς

144 1072 259 1154 ἡδονὴν
280 1074 401 1154 τραγαιν
422 1074 509 1152 δίκην
522 1072 709 1152 ἐκχυθέντες,
733 1065 798 1132 οἷον
812 1072 1072 1157 ἐφυβρίζοντες
1040 1078 1083 1133 rui
1097 1067 1163 1134 σαί-

143 1183 218 1238 ματι
240 1160 530 1239 καθηδυπαθοῦσιν.

231 1249 312 1307 tin.
343 1242 372 1305 οί
393 1244 450 1322 μὲν
469 1248 525 1305 τοῦ
544 1235 754 1322 Ἰαλδαβααίθ]
778 1247 799 1300 Α
821 1243 873 1304 'ab
889 1245 1161 1306 ernaudeducrum

146 1333 260 1398 videtur
284 1334 359 1407 quasi
381 1336 524 1389 matricem
542 1339 659 1434 notrum
680 1347 714 1385 αο
732 1333 963 1404 ρτοροραίνίουικ
979 1332 1036 1386 aim
1051 1331 1160 1392 dixeris

232 1423 310 1477 780.
340 1410 503 1495 προῧνικον
523 1410 583 1492 γὰρ
605 1409 660 1470 εἰλν
681 1409 797 1490 είπιυσι]
830 1409 1003 1492 Προύνικὸς
1025 1416 1162 1488 Hesychio

145 1502 263 1560 baiulum
292 1521 323 1559 ao
345 1503 539 1559 mercenarium
562 1500 709 1572 signifieat,
738 1493 766 1556 oi
787 1499 906 1573 μισθοῦ
928 1495 1101 1573 κομίζοντες
1122 1495 1163 1558 τὰ

145 1606 220 1644 ταντα
242 1581 302 1645 ἀπὸ
326 1589 379 1661 τῆς
398 1581 520 1662 ἀγορᾶς,
544 1575 597 1651 οὕς
611 1601 688 1650 τινες
701 1580 910 1686 παιδαρίιυνας
925 1584 1060 1652 καλοῦσι,
1085 1581 1163 1659 δρο-·

143 1676 219 1745 μεῖς,
241 1675 349 1746 ταχεῖς,
373 1666 460 1740 ὀξεῖς,
483 1663 641 1743 εὐκίνητοι,
662 1666 776 1745 γοργοί,
797 1665 961 1742 μισθωτοί.
1007 1671 1079 1726 lriern
1103 1671 1162 1728 tera

100 1790 103 1794 ·
144 1759 215 1829 apud
237 1758 356 1811 Suidarn.
388 1756 471 1827 Vulgo
495 1773 508 1810 a
531 1748 590 1827 nori
614 1763 641 1810 et
663 1750 763 1810 ἐνείκαι
786 1756 932 1818 deducunt,
956 1763 1002 1811 ant
1024 1748 1041 1810 a
1056 1749 1117 1828 πρὸ
1133 1765 1162 1812 ot

145 1844 248 1907 νεῖκος.
292 1841 357 1895 Nam
385 1849 412 1896 et
440 1833 590 1914 ὑβριστὴν
610 1840 839 1912 interpretantur,
869 1841 959 1912 itaque
981 1840 1160 1896 Phavorinus.

145 1925 195 1991 Qui
224 1935 251 1980 et
279 1925 352 1980 attulit
372 1918 500 2000 πόριλος
520 1919 554 1981 τδ
578 1920 703 1995 αἰδοῖον.
749 1925 825 1993 Quod
849 1925 1021 1997 depravatum
1043 1924 1159 1981 videtur.
1196 1929 1199 1933 ’

145 2010 198 2064 Sed
221 2026 299 2064 tremo
323 2009 441 2064 notionis
464 2009 530 2073 eius,
554 2025 634 2082 quarn
650 2009 815 2081 Epiphanius
837 2011 863 2064 ei
881 2010 937 2064 voci
954 2010 1056 2071 tribuit,
1080 2024 1161 2065 mon-

144 2095 245 2150 tionem
275 2095 350 2156 saoit‚
382 2104 411 2150 nt
438 2093 508 2149 idem
538 2096 573 2148 sit
602 2095 675 2166 quod
697 2087 917 2169 πορνεύεσθαι,
945 2095 986 2148 νοΙ
1009 2089 1159 2169 φθείρειν.

144 2183 181 2235 Ac
203 2179 334 2251 suspicari
357 2179 420 2235 lieet
441 2179 467 2234 in
491 2195 521 2234 ea
545 2178 740 2250 significatione
757 2179 816 2242 diri,
840 2179 917 2251 quusi
932 2169 1118 2249 πορνικειίειν
1132 2189 1162 2234 ot

142 2257 294 2341 πορνικόν.
325 2264 369 2319 Vir
390 2264 498 2337 quidam
521 2265 617 2319 doetus
640 2264 709 2336 apud
727 2263 872 2336 Diogenem
896 2264 921 2318 in
938 2265 1086 2319 Xenocrate
1111 2281 1161 2319 vo-

78 2411 81 2417 ,
143 2366 201 2405 cem
224 2350 294 2405 illurn
318 2367 400 2405 ausus
423 2358 464 2404 est
486 2347 646 2412 rescribere,
670 2365 719 2422 pro
736 2365 768 2405 eo
784 2349 857 2421 quod
871 2349 951 2420 vulgo
967 2349 1067 2419 legitur
1081 2366 1160 2421 πορ-

143 2428 250 2500 νικοιίς.
281 2435 365 2490 Verba
382 2434 507 2506 Diogenis
530 2435 596 2489 haee
617 2442 696 2489 sunt:
720 2429 770 2488 καί
793 2427 890 2489 εἴποτε
905 2427 1009 2505 με’λλοι
1025 2428 1066 2498 εἷς
1081 2423 1160 2490 ἄστυ

144 2510 270 2589 ἀπιίναι,
292 2515 371 2594 ’φασί
394 2513 467 2586 τοδς
486 2512 682 2592 θορυβώδεις
702 2509 820 2585 πάντας
837 2514 886 2574 καὶ
902 2511 1065 2591 πορνικοδς
1078 2509 1160 2573 ὑπο-

102 2610 132 2658 41
144 2598 277 2658 στέλλειν
299 2597 395 2659 αὐτοῦ
418 2604 455 2681 τῇ
477 2595 613 2681 παρόδῳ.
648 2605 745 2659 Verum
769 2604 827 2658 sine
849 2613 970 2658 veterum
993 2603 1159 2659 authoritate

143 2686 264 2742 codicum
288 2689 362 2742 nefas
385 2696 427 2742 ost
449 2688 548 2760 aliquid
571 2689 721 2744 immutare.
747 2688 823 2761 Apud
846 2688 1008 2759 Hesyrninm
1031 2704 1104 2750 vero,
1129 2696 1159 2743 ut

143 2779 216 2826 reete
239 2771 363 2826 observat
384 2772 470 2834 idom,
500 2772 526 2825 in
549 2771 679 2826 vocabulo
701 2767 861 2840 Σκίταλοι,
891 2765 952 2828 rino
974 2771 1035 2827 τῶν
1057 2763 1158 2846 ritorto·

143 2849 262 2923 δισίιυν,
286 2850 335 2909 καί
358 2857 412 2927 τῆς
433 2846 609 2929 προύνικίας
630 2858 810 2934 νυκτερινῆς.
853 2856 903 2912 Ubi
924 2849 1085 2934 προύνικία
1107 2874 1158 2930 pro

142 2958 172 2997 re
194 2957 307 2996 venerea
330 2948 457 3011 usurpata
480 2939 593 2994 ridetur.

229 3028 265 3081 79
283 3042 307 3080 a.
338 3017 534 3096 καυλαυκαδχ
556 3017 614 3096 γὰρ
636 3018 668 3079 ἐν
689 3016 871 3103 τῷἩσαίζι]
902 3026 990 3080 Locus
1013 3026 1057 3081 ille
1074 3026 1156 3083 Isaiae

143 3113 241 3175 28,1o
258 3119 285 3165 et
304 3112 339 3167 13
368 3109 482 3182 legitur:
512 3108 559 3162 sed
588 3107 718 3164 Hebra'r'oa
748 3126 762 3163 a
786 3109 850 3165 LXX
877 3109 1029 3165 senioribus
1053 3111 1158 3168 discre-

140 3205 216 3268 pant.
245 3206 307 3256 :ero
337 3208 405 3251 πυτ
434 3207 481 3254 on
510 3206 577 3251 aur
605 3190 660 3267 aab
687 3207 721 3267 tp
750 3190 803 3266 aab
832 3208 865 3269 ψ
893 3193 950 3253 reb
979 3207 1016 3253 υτ
1039 3193 1095 3253 rub
1119 3211 1157 3255 ru

141 3281 318 3353 Praeceptum
341 3280 372 3334 εδ
396 3288 585 3351 praeceptum,
609 3295 671 3350 spes
692 3278 724 3333 orl
747 3295 831 3350 spem,
856 3289 907 3335 eto.
954 3279 1013 3335 Vel:
1036 3279 1156 3345 Mandu,

141 3368 286 3429 remanda,
310 3372 434 3437 experta,
457 3372 623 3435 reexpeoto3
647 3363 719 3438 quod
742 3364 775 3419 de
798 3365 926 3438 sacrilega
950 3365 1052 3420 mirnesi
1068 3383 1098 3420 ao
1114 3366 1157 3422 ‹li-

142 3451 253 3506 racitate
277 3450 437 3506 ludaeorum
459 3452 654 3521 interpretatur
676 3448 864 3522 Hieronymus.
904 3450 1022 3522 At,LXX
1046 3445 1157 3522 θλίψις

141 3529 188 3588 ἐπὶ
211 3531 334 3607 θλίψιν,
356 3529 440 3602 ἐλπίς
460 3525 505 3590 ἐπ’
528 3528 634 3589 ἐλπίδι.
678 3527 720 3590 ἔτι
742 3529 860 3611 μικρὸν,
884 3528 926 3592 ἔτι
947 3528 1064 3608 μικρόν.
1110 3536 1156 3593 Vi-

144 3615 242 3674 nentur
264 3631 309 3679 *tu
332 3636 382 3692 pro
404 3631 442 3680 tn
457 3619 564 3692 legisse.
594 3618 649 3675 Neo
664 3619 724 3675 ideo
739 3621 906 3677 accusandos
922 3629 964 3676 eat
978 3619 1154 3694 Epiphanius.
