2534 4154
464 323 755 375 ismsnvaesronns
883 292 885 299 ’
1060 313 1120 377 rte

185 469 424 535 tnt·‘1³ommen
450 470 597 555 ἡγεμόνος
625 474 676 534 καὶ
695 472 872 557 Ἀδριανοῦ]
910 481 1048 539 Manifesta
1076 491 1120 541 est

107 562 277 618 bellncinatiu
298 564 458 638 et'quidem
481 563 588 637 duplex.
632 564 698 620 llam
721 582 809 638 neque
831 565 949 623 Adriano
971 568 1121 641 imperante

104 656 225 705 mortuus
248 656 291 704 est
311 649 447 713 lustinus,
471 650 520 705 sed
541 649 575 704 ll.
598 650 707 706 Aurelio
730 660 759 706 et
780 651 809 706 L.
833 650 912 716 Vero,
937 660 966 708 nt
986 652 1121 713 Eusebius

100 733 197 788 asserit
219 733 323 789 Eccles.
346 733 415 789 llist.
440 739 531 799 4,15,
562 743 590 789 et
617 735 761 791 tricenario
789 737 876 792 maior
896 737 979 794 luerit
1001 746 1119 810 oportet,

102 826 130 874 ut
156 835 201 874 ex*
219 818 351 891 temporis
379 819 500 883 ratione,
530 821 822 894 qqupologiaspro
846 821 1004 878 Christianis
1024 822 1118 887 edidit.
1223 828 1228 846 ¹

98 912 226 961 constare
253 911 353 976 potest.
399 905 558 977 Quanquam
587 904 694 960 difficile
717 914 760 960 est
781 915 918 971 statuere,
949 910 1119 981 quandonam

97 988 167 1053 illae,
192 997 242 1043 eut
262 1005 317 1060 quo
338 988 447 1044 demum
471 989 565 1044 ordine
587 989 704 1062 scriptae
727 991 790 1045 sint.
821 991 954 1047 Eusebius
977 993 1044 1048 Hist.
1069 993 1118 1051 tt

97 1073 164 1128 duas
187 1073 298 1128 omnino
321 1074 461 1146 scripsisse
484 1074 616 1129 lustinum
640 1075 737 1130 refert:
762 1092 875 1147 quarum
897 1077 1015 1149 priorem
1031 1081 1161 1137 Anto-82

99 1158 162 1214 nino
179 1157 228 1213 Pio
250 1157 358 1223 obtulit,
382 1160 412 1214 m
434 1176 458 1214 c.
477 1162 494 1217 8
511 1167 538 1214 et
559 1162 593 1215 10
610 1167 736 1215 testatur.
766 1160 815 1215 Ubi
832 1161 912 1216 etiam
927 1162 1021 1217 lustini
1037 1161 1119 1220 verba

96 1243 230 1315 quaedam
259 1260 290 1298 ex
318 1260 365 1306 ea,
396 1260 465 1316 quae
488 1244 606 1298 secunda
628 1253 799 1310 numeratur,
829 1245 960 1319 Apologia
982 1247 1061 1303 citat:
1090 1248 1119 1305 in

97 1327 197 1400 quibus
220 1328 254 1384 de
272 1329 399 1394 Antinoo,
422 1329 557 1384 Marcione
579 1345 610 1384 ac
632 1328 739 1385 ludaico
761 1329 834 1385 bello
856 1331 1022 1387 mentionem
1037 1331 1117 1389 lecit:

99 1421 125 1468 et
146 1412 221 1507 quod
244 1423 325 1485 capnt
347 1423 398 1476 est,
421 1413 502 1469 buius
525 1414 605 1469 etiam
626 1414 732 1470 initium
755 1415 864 1471 subiicit
886 1420 968 1473 cll.
998 1419 1033 1472 At
1054 1434 1118 1473 vero

98 1501 171 1554 cli>
194 1497 256 1553 sive
277 1500 312 1554 ld
336 1499 446 1554 alteram
469 1498 627 1600 Apologiam
655 1498 763 1555 snbll
785 1500 895 1556 Aurelio
924 1501 1002 1556 etL.
1048 1501 1118 1558 Vero

98 1582 226 1656 scriptam
254 1582 384 1639 affirmat:
414 1578 496 1639 κατὰ
520 1578 702 1639 recederat
725 1577 741 1641 ὁ
748 1603 873 1686 pinprp,
886 1578 1061 1662 πρόσθεν“
1044 1588 1119 1660 ημῖν

98 1662 252 1742 δηλωθεὶς
269 1659 432 1734 Ἰουστΐνος
460 1659 636 1745 δεύτερον
620 1663 696 1744 νπὲρ
719 1671 780 1725 τῶν
802 1663 913 1724 καθ’
893 1688 979 1744 ημας
1000 1663 1119 1745 δογμά-

99 1749 158 1807 inv
179 1747 302 1824 βιβλίον
323 1746 456 1820 ἀναδοὺς
477 1755 541 1819 τοῖς
563 1746 825 1826 δεδηλωμένοις’
806 1773 944 1833 appropi,
966 1750 1043 1834 θείῳ
1062 1774 1118 1812 κα-
1125 1789 1128 1797 ·

97 1839 327 1910 rnuooptcizorp
315 1833 525 1915 perperfecti
514 1838 570 1894 Sub
586 1838 695 1894 Aurelio
718 1840 801 1913 igitur
816 1849 844 1895 et
855 1840 934 1907 Vero
959 1858 1067 1915 quosc
1081 1843 1117 1900 ta

96 1923 150 1978 sive
171 1925 218 1986 14,
240 1923 378 1978 Antonino
394 1922 442 1978 Pio
465 1923 630 1979 successisse
653 1924 858 1996 significaverat,
881 1927 1027 1982 secundam
1043 1929 1119 1999 Apo-

97 2007 195 2081 logiam
218 2006 317 2063 obtulit
339 2017 366 2062 et
388 2024 484 2080 passos
508 2017 549 2063 est
571 2009 700 2064 lustinus.
741 2009 859 2066 Eusebio
882 2012 1031 2067 assentitur
1052 2010 1119 2067 Hie-

97 2109 156 2147 ron.
179 2091 207 2147 in
230 2092 329 2164 Script.
353 2092 455 2148 llccles.
480 2103 508 2149 et
530 2092 653 2150 Photius.
698 2095 783 2150 Hodie
806 2097 901 2151 lnstini
929 2097 997 2151 duae
1027 2104 1119 2153 extant

96 2176 252 2249 Apologiae.
283 2176 384 2232 Harum
406 2178 481 2250 prior
503 2179 534 2233 ad
551 2178 680 2233 Senatum
696 2179 862 2236 inscribitur
893 2180 1034 2237 Posterior
1048 2197 1119 2236 enn-

94 2261 156 2317 dem
186 2262 304 2333 praefert
330 2262 452 2327 tilulum,
483 2280 562 2337 quem
587 2264 688 2335 primae
709 2265 857 2337 Apologiae
879 2264 1075 2320 Eusebiust
1035 2273 1075 2320 at
1076 2282 1115 2320 rr

96 2345 170 2402 buit:
194 2364 292 2419 nempe
314 2339 533 2422 Λυτοκράτορι
560 2343 642 2402 Tt'ror
660 2343 763 2427 Αἷλιῳ
780 2341 931 2446 Ἀδριανῳ
948 2341 1117 2429 Ἀντωνίνῳ

96 2425 236 2503 Εὐσεβεῖ,
258 2427 407 2509 Σεβαστῶ
423 2427 568 2505 Καισαρι,
587 2450 636 2486 και
631 2405 845 2534 Ociopiooi‘p
820 2451 855 2487 im
872 2425 928 2511 oitp
914 2405 1116 2533 φιλοσόφῳ,
1136 2470 1141 2477 -

95 2511 147 2571 καὶ
168 2511 302 2596 Λουκιῳ
325 2488 487 2594 φιλοσόφῳ
509 2510 670 2592 Καίσαρος
692 2511 781 2592 <ponec
803 2511 870 2595 υὲῳ,
893 2535 943 2571 και
936 2491 1125 2589 Εὐσεβοῦς

93 2597 268 2680 εἷσποιητῳ.
309 2602 409 2656 Neutra
432 2603 527 2658 barum
550 2601 601 2656 suli
622 2602 759 2657 Antonino
783 2611 825 2657 est
846 2603 985 2675 inscripta
1030 2603 1116 2661 Porro

94 2703 165 2759 quae
195 2685 347 2758 posteriore
376 2688 437 2742 loco
461 2695 604 2750 censetur,
637 2704 667 2741 ea
692 2687 776 2759 prima
798 2703 830 2742 ex
852 2687 958 2743 duabus
981 2688 1117 2746 oblatisa

93 2771 198 2827 lustino
221 2773 304 2828 videri
327 2788 381 2826 non
403 2772 538 2827 immerito
561 2780 661 2843 potest.
702 2772 823 2828 Primum
851 2774 914 2844 quia
942 2774 1061 2845 priorem
1084 2791 1117 2831 ex

95 2855 215 2921 Eusebi,
240 2857 396 2929 Hieronymi
419 2866 446 2912 et
468 2857 556 2913 Photii
579 2857 744 2913 authoritate
767 2858 903 2914 Antonino
925 2858 989 2925 Pio,
1020 2868 1116 2932 poste—

95 2941 196 2996 riorem
231 2950 294 3014 post
328 2941 385 2996 eius
419 2953 535 2998 mortem
564 2941 672 2997 Aurelio
706 2958 736 2998 ac
766 2943 833 2999 Vero
861 2943 947 3016 lmpp.
983 2943 1114 3000 exhibuit.

96 3025 198 3082 deinde
226 3026 354 3098 qnoniam
376 3026 508 3082 Eusebius
531 3043 555 3082 c.
569 3030 603 3082 15
632 3027 714 3082 verba
741 3028 872 3102 quaedam
901 3045 934 3083 ex
962 3027 1115 3100 posteriore

94 3111 227 3184 Apologia
249 3120 452 3177 commemorat,
475 3110 574 3183 quibus
595 3122 713 3168 mortem
736 3112 786 3168 sibi
809 3130 823 3167 a
847 3112 992 3168 Crescente
1015 3112 1114 3184 Cynico

94 3195 255 3268 impendere
275 3196 348 3260 dixit,
373 3213 441 3268 quae
464 3195 572 3271 quidem
594 3197 624 3251 in
638 3214 669 3252 ea
684 3197 821 3270 leguntur,
845 3214 915 3271 qnae
930 3196 1011 3252 bodie
1027 3196 1115 3268 primo

95 3280 156 3336 loco
179 3281 299 3354 ponitur.
330 3282 472 3337 Praeterea
495 3298 565 3355 quae
586 3281 704 3336 secunda
719 3281 799 3353 vulgo
815 3282 979 3344 nominatur,
1002 3280 1115 3338 ineunte

95 3366 223 3422 Antonini
244 3366 357 3438 imperio
381 3367 481 3439 scripta
503 3365 617 3429 videtur,
641 3383 672 3421 ac
694 3365 809 3421 subinde
832 3374 895 3438 post
908 3365 1018 3420 Adriani
1038 3383 1115 3423 mor.-

96 3459 169 3506 terii.¹
206 3451 311 3524 Quippe
334 3452 443 3511 Antinoi
470 3452 544 3506 velnt
570 3467 666 3506 recens
694 3450 845 3505 consecrati
866 3450 894 3505 in
915 3450 960 3506 illa
982 3452 1113 3519 meminit,

95 3537 151 3590 end
172 3537 233 3590 mir
259 3530 463 3611 γεγενημένου.
506 3536 577 3591 ltem
596 3534 694 3590 ludaici
723 3533 801 3598 belli,
833 3535 905 3606 quod
927 3536 1039 3608 perinde
1061 3539 1120 3603 ver,
1169 3573 1174 3578 .
1225 3581 1233 3597 .

67 3637 69 3641 ’
97 3614 292 3696 γεγενημένον
312 3620 439 3695 appellat,
464 3620 542 3677 cuius
563 3618 628 3675 belli
650 3618 854 3706 acfldelectionis
870 3621 970 3685 author
983 3622 1115 3699 suitbar-
