2534 4154
133 307 152 370 8
586 294 702 369 runaut

217 467 380 544 Βᾶσσοςὸ
405 464 529 546 Τιίλιος]
553 473 634 546 Tylus
653 472 804 530 Messeniae
825 473 901 540 urbs,
924 491 1005 548 quam
1026 477 1152 534 nonnulli

132 563 256 637 Oetylum
279 569 384 625 vocant,
408 558 444 616 ait
459 557 597 615 Strabol.
616 559 644 617 8.
675 557 729 614 Sed
745 567 874 632 cormpta
888 559 1016 616 hocloco
1032 577 1083 617 vox
1099 571 1151 629 est,

131 647 332 722 legendumque
358 662 390 701 ax
412 643 567 701 Dioscorida
588 634 753 709 Βᾶσσοςδ
775 633 906 710 Ἰούλιος.

218 727 269 788 καὶ
290 719 468 808 Πετρώνιος
488 723 600 805 Νίγερ]
622 727 793 785 Dioscorides
807 724 959 786 Petronius
973 727 1063 801 Niger
1083 748 1155 787 eon-

134 818 245 873 iunctim
261 815 353 873 habet.
394 813 496 870 Plinius
511 830 575 870 uero
590 813 753 869 Petronium
766 812 917 870 Diodotum
932 813 1054 887 eopulat,·
1066 817 1154 890 quasi

133 902 254 960 eiusdem
276 901 331 958 sint
352 898 547 972 appellationes
568 897 675 955 ambae.

220 989 277 1042 ba.
309 976 347 1040 δι’
370 980 446 1041 ἐτῶν
467 977 635 1057 δισχιλίων]
658 982 716 1038 Non
739 983 822 1056 igitur
843 983 977 1058 vulgatam
999 985 1026 1041 iu
1049 985 1155 1042 nostris

132 1069 301 1129 Editionibus
317 1069 383 1127 Lxx
398 1069 541 1127 Saniorum
563 1067 696 1126 rationem
706 1076 817 1124 secutus
833 1077 884 1132 est,
909 1086 1041 1125 annorum
1060 1071 1154 1136 1242,

133 1156 182 1212 sed
204 1155 370 1229 castigatam,
393 1169 424 1211 aa
445 1169 612 1227 gennanam,
634 1169 704 1225 quae
726 1153 759 1209 ad
775 1153 893 1225 priorem
910 1171 1001 1209 annos·
1011 1154 1085 1211 addit
1101 1156 1153 1213 20.

133 1241 228 1314 Magna
249 1241 302 1297 iam
324 1249 382 1297 tum
405 1238 468 1296 olim
485 1238 649 1294 Graecorum
664 1236 856 1311 exemplarium
874 1255 929 1294 non
944 1255 1007 1295 cum
1021 1238 1155 1296 Hebraeis

105 1334 119 1384 5
133 1325 289 1398 Latinisque
307 1324 406 1390 modo,
430 1323 478 1380 sed
500 1339 593 1379 secum
608 1322 688 1379 etiam
703 1321 836 1379 discordia
851 1322 914 1380 luit.
942 1323 980 1380 lle
995 1323 1081 1398 priori
1095 1325 1156 1380 dis-

134 1411 201 1473 serit
214 1409 382 1483 Augustinus
405 1409 438 1466 de
454 1407 529 1464 civit.
546 1407 594 1464 Dei
614 1409 659 1472 15,
677 1409 713 1465 13
736 1407 847 1463 Hieron.
864 1408 975 1477 Quaest.
991 1407 1074 1465 Hebr.
1092 1409 1156 1466 alii·

133 1512 187 1569 que
215 1495 327 1552 maxime
355 1492 532 1551 recentiores.
576 1491 614 1547 be
642 1492 790 1566 posteriori
812 1492 870 1549 vide
892 1491 1003 1549 llusebii
1026 1503 1154 1568 excerpta

134 1579 346 1653 chronologiam
370 1577 415 1634 ubi
437 1577 508 1632 varie
529 1592 662 1632 annorum
677 1594 783 1633 summa
796 1578 958 1651 concipitur.
987 1579 1026 1635 Ac
1040 1588 1156 1653 propter

133 1666 276 1721 immanem
299 1662 501 1725 absurditatem,
526 1677 595 1735 quae
618 1679 651 1717 ex
673 1661 849 1718 Mathusalem
873 1663 949 1718 annis
972 1663 1068 1728 oritur,
1093 1664 1155 1719 ani·

133 1767 194 1804 mus
224 1758 266 1804 est
287 1748 321 1803 ad
341 1763 517 1803 numerorum
541 1747 757 1803 emendationem
779 1747 909 1804 adiectus.
953 1747 1019 1803 Nam
1042 1749 1064 1804 si
1086 1749 1153 1806 Lllll

133 1834 315 1905 iuterpretum
338 1817 508 1887 communem
532 1831 677 1887 editionem
699 1848 824 1904 sequare,
848 1849 916 1905 quae
939 1849 1024 1888 annos
1044 1833 1156 1890 blathu-

133 1916 234 1979 salemp
249 1924 312 1971 ante
327 1916 448 1988 genitum
463 1917 625 1972 Lamechum
641 1925 750 1989 arrogat
769 1918 836 1981 167,
853 1918 988 1974 Lamecho
1003 1935 1066 1974 vero
1083 1919 1154 1984 188,

134 2000 253 2057 conflent
274 2000 370 2055 additis
392 2000 487 2057 Noemi
508 2000 652 2066 sexcentis,
677 2001 739 2057 anni
761 2010 824 2058 ante
840 2001 973 2058 Diluvium
989 2004 1060 2060 955.
1085 2004 1157 2060 Vixit

134 2094 225 2140 autem
246 2084 422 2141 Mathusalem
444 2085 471 2141 in
494 2093 582 2141 totum
605 2102 689 2141 annos
713 2087 783 2143 969.
821 2086 906 2160 lgitur
933 2090 968 2144 14
991 2088 1068 2144 annis
1089 2097 1157 2161 post

134 2169 267 2228 hilarium
289 2170 438 2243 supersuit;
462 2171 537 2244 quod
558 2179 600 2227 est
622 2180 753 2244 ineptum.
786 2172 874 2240 Quare
888 2171 1029 2228 Alricanus
1044 2173 1157 2229 Mathu-

135 2255 218 2311 salem
248 2272 334 2311 annos
364 2264 426 2311 ante
447 2255 610 2311 launechum
639 2263 797 2328 susceptum
826 2255 921 2312 tribuit
946 2259 1020 2322 185,
1051 2259 1096 2331 qui
1120 2259 1154 2314 ad

134 2340 260 2397 Lamechi
274 2340 423 2414 Noemique
438 2340 560 2407 totidem,
584 2348 651 2414 quot
666 2341 787 2414 proxime
803 2342 1011 2408 numeravimus,
1034 2342 1154 2398 adiuncti

134 2442 266 2482 summam
288 2425 436 2482 conficiunt
457 2441 591 2481 annorum
607 2426 677 2483 972.
708 2427 801 2498 ltaque
818 2426 913 2491 tribus,
937 2435 1087 2500 quatuorve
1103 2444 1155 2482 an·

134 2510 176 2566 nis
198 2510 330 2567 Diluvium
353 2528 426 2567 mors
449 2509 520 2567 illius
542 2510 697 2567 antecessit.
727 2513 762 2567 At
783 2528 848 2567 vero
870 2511 941 2567 idem
962 2511 1103 2568 Africanus
1118 2511 1154 2568 ab

136 2593 207 2650 Orbe
236 2595 345 2651 condito
374 2595 406 2650 ad
428 2593 561 2650 Diluvium
583 2612 669 2652 anuos
692 2595 793 2670 colligit
816 2598 908 2653 2267.
953 2597 1057 2670 Quippe
1079 2597 1155 2654 Enos

138 2681 195 2736 195
213 2678 326 2743 confert,
350 2695 411 2734 cum
426 2678 491 2734 LXX
507 2681 641 2736 duntaxat
655 2683 711 2739 190
727 2689 881 2736 numerent.
904 2680 1055 2737 Subtractis
1071 2683 1156 2754 quiue

135 2779 187 2835 que
210 2762 262 2818 illis
284 2762 438 2836 superfluis,
463 2762 622 2819 crediderim
644 2765 670 2820 in
692 2765 803 2837 reliquis
824 2764 1002 2837 llpiphanium
1025 2765 1153 2833 Africani,

135 2848 189 2902 sive
203 2847 269 2902 Lllll
291 2847 362 2919 apud
384 2845 536 2906 Africanum
558 2848 740 2922 lnterpretum
761 2848 894 2904 calculum
916 2857 1039 2904 secutum
1065 2867 1154 2907 annos

135 2940 306 3005 computasse
330 2932 422 2988 2262.

222 3019 279 3073 5ο
324 3010 354 3071 ἓν
375 3016 439 3080 τοῖς
460 3005 544 3091 ὄρεσι
565 3019 630 3082 τοῖς
648 3007 799 3115 Ἀραριίι]
830 3015 980 3073 Chaldaeus
1003 3016 1102 3083 Cardu,
1126 3020 1154 3078 id

136 3112 180 3160 est
195 3098 224 3157 Γ
223 3095 366 3178 ορδιαιος
396 3100 528 3174 Iosephus
555 3104 580 3166 1,
597 3104 616 3158 4
640 3090 898 3177 ἀποβατήριον
866 3119 920 3158 ιον
933 3093 1028 3158 τόπον
1042 3105 1155 3162 τοῦτον

130 3179 282 3286 Ἀρμένιοι
303 3182 441 3242 καλοῦσι.
470 3184 530 3240 Μαι
544 3185 690 3242 Berossum
707 3185 869 3242 Chaldaeum
885 3187 963 3244 citat:
986 3181 1104 3263 λέγεται
1118 3183 1155 3246 δὲ

137 3268 187 3326 καί
210 3271 264 3328 τοῦ
286 3264 425 3326 πλοίου
411 3288 443 3326 ιν
455 3289 493 3348 τῃ
479 3260 572 3346 Άρρ
573 3264 649 3351 ιινίᾳ
663 3261 740 3347 πρὸς
754 3271 797 3349 τῷ
812 3260 875 3347 α’ριι
889 3272 952 3328 τῶν
965 3268 1156 3367 Κορδυαίων

137 3348 180 3412 ἔτι
201 3349 294 3431 μέρος
314 3373 342 3411 τι
365 3343 449 3412 εἶναι.
493 3357 559 3411 ltcm
582 3373 614 3412 ex
633 3329 745 3412 'llicolao
768 3356 948 3414 Damascena:
972 3349 1055 3414 ἔστιν
1074 3351 1152 3437 ὑπὲρ

136 3459 192 3513 την
212 3428 364 3496 Μινυάδα
391 3430 514 3515 μίγα”
497 3456 570 3515 opor
591 3432 670 3496 κατὰ
688 3431 848 3539 Ἀρμενίαν
867 3433 961 3520 βάρις
982 3435 1152 3544 λερόμινον,

136 3515 217 3592 εἷς
200 3543 217 3581 ο
239 3517 373 3592 πολλοὺς
388 3517 608 3602 συμφυγόντας
622 3520 668 3582 ἔπι
684 3543 739 3586 του
726 3524 974 3626 κατακλυσμοῦ
990 3519 1113 3603 λόγος”
1094 3545 1154 3602 εχει

137 3607 356 3686 περισωθῆναι.
384 3610 544 3667 Franciscus
565 3610 658 3666 lunius
675 3628 726 3683 pro
747 3602 844 3688 Βάρις
865 3611 1068 3669 rescribendum
1095 3613 1154 3670 exi-
