2534 4154
80 307 82 311 ’
148 296 210 359 156
601 306 714 357 ιιιιιιιι

145 467 258 525 tentiam
281 463 453 527 adscribunt,
477 462 551 537 quod
573 462 696 518 Christus
717 462 820 518 Pascha
842 463 917 518 Luna
942 464 978 520 13
1007 461 1264 530 celebraritffls

145 559 209 608 auto
230 550 352 614 ludaeos,
377 549 422 623 qui
444 547 471 602 id
494 547 623 620 postridie
645 549 810 621 peregerint,
840 547 899 604 Non
921 548 992 603 enirn
1018 550 1056 607 13
1077 549 1164 615 buna,
1177 578 1265 604 ⁴

63 689 64 693 ,
146 636 195 693 sed
221 637 257 692 12
281 635 416 690 Christum
437 632 465 687 id
487 632 575 704 egisse
598 640 700 696 censet,
724 642 857 705 quatenus
879 632 944 688 feria
958 633 993 687 lll
1015 634 1266 708 contigisset-‘-3

134 728 234 794 -putn
279 719 358 788 Quod
387 719 409 773 si
437 734 469 772 ex
491 717 642 781 communi,
659 718 876 791 certissimaque
898 718 1032 774 sententia
1054 718 1123 775 loris
1143 705 1266 774 V‘*

134 804 300 863 celebrasse
316 803 452 859 Christum
474 801 620 858 arbitratus
642 810 725 867 esset,
748 819 804 873 uon
826 803 876 858 alia
890 802 965 858 Luna
986 820 1069 876 quam
1092 820 1165 877 quae
1196 808 1265 848 ⁴2

133 904 180 946 ex
199 889 298 945 vitioso
322 887 401 961 Cyclo
416 887 471 943 XlV
492 887 572 951 foret,
595 886 695 942 lartum
718 897 862 943 assereret.
892 887 969 944 Unde
991 904 1023 944 ex
1044 888 1165 963 castiga·
1195 905 1264 923 Α·

141 974 210 1032 tiori
230 973 371 1047 Epiphanii
393 972 492 1027 iudicio
515 971 697 1027 deliniendum
720 981 770 1037 est,
793 972 930 1028 Christum
952 972 1019 1028 feria
1032 973 1064 1039 V,
1088 974 1165 1030 Luna
1221 980 1261 1019 Δ

136 1058 286 1117 ..Xchum
308 1057 445 1114 nonnullis
467 1057 580 1121 ludaeis,
605 1064 727 1112 caeteros
749 1074 812 1113 vero
835 1074 895 1113 oum
912 1056 1073 1122 Pharisaeis,
1097 1058 1165 1114 seria
1235 1068 1260 1098 ²

145 1143 180 1201 lll
194 1144 298 1200 Pascha
320 1142 479 1199 comedisse.
510 1141 568 1209 Qua
590 1158 622 1197 ex
636 1141 777 1214 Epiphanii
800 1143 927 1215 opinione
950 1142 1003 1199 duo
1026 1143 1165 1216 colligun-
1251 1159 1259 1165 ·

116 1263 119 1269 ,
144 1236 202 1294 tur,
225 1245 294 1301 quae
316 1244 376 1283 cum
399 1227 433 1282 de
455 1226 590 1281 Passionis
612 1242 683 1282 anno
705 1228 854 1299 quaeritur,
880 1227 1010 1283 acerrime
1032 1228 1165 1300 disputari

93 1369 96 1378 ,
146 1313 253 1371 solent:
283 1313 399 1369 alterum
421 1311 580 1367 ludaeorum
609 1311 745 1384 principes
773 1329 828 1367 non
851 1312 947 1367 eodem
969 1328 1030 1367 cum
1054 1311 1164 1369 Christo

146 1398 190 1455 die
211 1398 331 1472 legitimo
355 1397 416 1470 agni
439 1395 519 1468 epulo
541 1395 713 1469 perfunctos:
736 1397 851 1452 alterum
873 1413 934 1452 cum
958 1397 1017 1452 sine
1038 1413 1166 1453 eommu-

145 1482 249 1540 tatione
272 1484 360 1557 aliqua
381 1491 535 1620 temporuqt
557 1498 587 1536 ao
608 1481 739 1536 festorum
761 1481 932 1538 id¹accidere
954 1497 1009 1537 non
1031 1482 1165 1554 potnerit,

145 1569 349 1625 translationem
372 1566 487 1638 aliquam
508 1565 560 1620 ilis
582 1564 750 1637 temporibus
773 1567 902 1622 extitisse.
934 1565 1022 1634 Quare
1044 1566 1166 1623 adhunc

70 1699 74 1708 .
144 1652 287 1747 llpipbanii
314 1651 523 1724 disputationem
550 1649 736 1706 illustrandam
764 1651 877 1707 totidem
905 1650 967 1706 illae
989 1651 1165 1724 quaestiones

144 1738 239 1875 paucis
262 1737 397 1792 hocloco
421 1735 608 1807 disceptandae
629 1743 703 1791 sunt.

135 1860 138 1866 ι
232 1820 376 1893 [Sequitur
397 1820 532 1875 Excursus
548 1820 590 1874 lll.
628 1819 725 1876 Utrum
745 1819 847 1875 ludaei
869 1819 1055 1875 transtatione
1076 1820 1167 1892 sesto·

145 1921 208 1961 τιικι
236 1907 303 1960 olim
330 1906 375 1959 usi
401 1905 509 1976 suerint
536 1913 564 1959 et
593 1903 693 1960 Utrum
717 1903 844 1959 Cbrdstns
867 1905 961 1959 codem
983 1919 1040 1976 quo
1061 1904 1167 1961 Iudaei

146 1990 232 2045 ceteri
255 1991 299 2044 die
321 1989 434 2044 Poscltu
457 1989 606 2043 celebrarit
627 2006 654 2061 p.
668 1988 855 2060 teos-187]

96 2080 138 2132 tet
234 2076 335 2131 4480.
365 2066 611 2145 συλλαμβάνεται
640 2067 674 2129 δὲ
700 2074 738 2149 τῇ
764 2091 800 2149 cp
803 2068 864 2150 ίτη]
909 2074 963 2128 lam
987 2073 1056 2129 haec
1078 2074 1165 2131 facilia

133 2165 220 2224 ·,nunt
243 2159 379 2216 intellecta
401 2158 485 2214 semel
505 2157 646 2245 Epiphanii
668 2159 811 2215 sententia.
857 2158 1015 2232 Quanquam
1036 2156 1168 2215 librario-

135 2260 206 2301 rum
229 2244 308 2318 culpa
331 2245 461 2317 quaedam
484 2249 547 2298 sunt
569 2252 700 2316 concepta
710 2259 866 2344 perperam,
890 2260 960 2315 quae
976 2259 1008 2298 ex
1024 2242 1161 2316 Uiagrenr-

131 2337 217 2386 ·nate
240 2329 399 2403 corrigenda
422 2337 495 2400 sunt,
540 2319 719 2383 Caeterum
701 2322 848 2405 ημερινὴν
869 2344 928 2383 eam
950 2328 1052 2383 Lunum
1075 2336 1163 2394 voeat,

33 2442 35 2449 ·
145 2430 216 2488 quae
237 2415 349 2471 civiliter
371 2413 403 2470 ab
426 2423 489 2469 ortu
504 2412 575 2468 Solis
597 2413 629 2468 ad
652 2430 778 2469 occasum
800 2412 966 2486 perducitur,
990 2407 1167 2490 νυκτερινὴν

144 2515 209 2557 vero
232 2517 302 2573 quae
324 2509 432 2556 noctem
454 2506 577 2570 occupat,
608 2497 666 2566 Qua
688 2515 719 2554 ex
742 2497 929 2554 observatione
944 2505 1091 2569 corruptae
1106 2498 1166 2555 lec-

131 2583 227 2639 ·tionis
249 2583 342 2639 vitium
365 2601 414 2656 per
435 2601 496 2639 sese
511 2583 643 2656 proditur.
674 2582 789 2639 Scribe
782 2583 873 2656 igitur,
897 2583 1013 2638 authore
1028 2581 1164 2656 lleplero:

133 2660 265 2740 -πέμπτη
298 2660 532 2744 τρισκαιδεκάτη.
565 2663 734 2762 νυκτερινὴ,
767 2659 894 2768 ημερινη
927 2660 961 2722 δὲ
993 2659 1165 2742 δωδεκάτη

146 2749 224 2819 Quod
246 2753 340 2824 utique
362 2752 543 2807 necessarium
566 2760 617 2816 est,
649 2752 673 2808 si
694 2746 803 2828 τετράς
823 2752 905 2808 luerit
928 2744 1088 2826 δωδεκάτη
1109 2769 1166 2807 να-

131 2829 274 2912 -κτερινή,
302 2836 369 2892 Nam
392 2837 442 2891 hae
465 2835 544 2890 sibi
538 2836 649 2890 invicem
672 2835 837 2902 succedunt,
861 2845 892 2892 ut
914 2852 983 2910 quae
1004 2829 1163 2913 νυκτερινὴ

144 2919 241 2984 luerit,
266 2919 312 2975 liat
338 2911 474 2994 ἡμερινή.
518 2919 616 2975 Notum
645 2921 715 2976 enim
745 2929 787 2976 est
808 2921 921 2977 ludaeos
949 2927 1068 2977 anoote
1091 2920 1165 2977 diem

144 3004 287 3078 auspicari.
333 3005 447 3061 Deinde:
476 2997 696 3081 προσάββατον
722 2998 1035 3106 τεσσαρεσκαιδεκάτη
1055 3022 1165 3062 νυκτε-

133 3083 213 3168 ρινὴ
234 3084 294 3165 πρὸ
317 3085 483 3167 decerptum
503 3085 583 3144 Καλ
622 3089 688 3144 Nam
709 3090 835 3162 superior
856 3089 913 3146 dies
932 3082 994 3191 πρὸ
1018 3084 1164 3148 δεκατεσ-

144 3168 277 3254 σάρισν
270 3192 322 3230 ram
340 3175 444 3231 habuit.
474 3175 541 3231 ltem
556 3166 716 3245 σάββατον
729 3168 980 3248 πεντεκαιδεκάτη
995 3167 1164 3276 νακτερινή.

139 3256 319 3317 Postremo
304 3253 521 3337 encpnloxouoa
534 3277 661 3336 καριακη
651 3251 960 3332 πεντεκαιδεκάτη
941 3251 1080 3335 ημερινή.
1072 3259 1162 3316 ,Νιιι

145 3345 180 3403 de
193 3344 316 3402 Nicaena
331 3346 407 3401 huna
427 3345 557 3418 loquitur,
583 3361 638 3400 nou
661 3344 708 3401 de'.
715 3344 830 3401 ludaica.
862 3345 936 3414 Quae
959 3345 1049 3401 omnia
1064 3360 1098 3401 ex
1113 3360 1166 3402 sn-

143 3430 246 3504 penori
267 3431 398 3487 laterculo
424 3429 571 3503 repetenda
593 3438 666 3491 sont..

230 3517 290 3572 448
307 3514 333 3570 d.
364 3509 580 3591 ἓπιφώσκουσα
593 3507 742 3590 helprand]
785 3514 836 3583 Qui
858 3515 931 3571 huno
952 3512 1095 3586 Epiphanii
1117 3512 1164 3570 lo-

144 3613 206 3654 cum
227 3600 370 3672 percurrit,
394 3601 536 3674 diligenter
556 3599 583 3654 id
597 3599 809 3656 animadvertere
823 3598 913 3665 debet,
936 3597 1010 3673 quod
1024 3597 1164 3671 superiori
