<?xml version="1.0" encoding="UTF-8"?>
<!DOCTYPE html PUBLIC "-//W3C//DTD XHTML 1.0 Transitional//EN"
    "http://www.w3.org/TR/xhtml1/DTD/xhtml1-transitional.dtd">
<html xmlns="http://www.w3.org/1999/xhtml" xml:lang="en" lang="en">
 <head>
  <title>
</title>
<meta http-equiv="Content-Type" content="text/html;charset=utf-8" />
  <meta name='ocr-system' content='tesseract 3.04.00' />
  <meta name='ocr-capabilities' content='ocr_page ocr_carea ocr_par ocr_line ocrx_word'/>
</head>
<body>
  <div class='ocr_page' id='page_1' title='image "./epiphaniiepisco00epipgoog_0424.png"; bbox 0 0 2534 4154; ppageno 0'>
   <div class='ocr_carea' id='block_1_1' title="bbox 466 305 1124 383">
    <p class='ocr_par' dir='ltr' id='par_1_1' title="bbox 466 305 1124 383">
     <span class='ocr_line' id='line_1_1' title="bbox 466 305 1124 383; baseline -0.002 -2"><span class='ocrx_word' id='word_1_1' title='bbox 466 332 758 383; x_wconf 78' lang='lat' dir='ltr'>iuruauroasronss</span> <span class='ocrx_word' id='word_1_2' title='bbox 882 305 890 313; x_wconf 74' lang='grc'><strong>”</strong></span> <span class='ocrx_word' id='word_1_3' title='bbox 1062 317 1124 381; x_wconf 80' lang='lat'>305</span> 
     </span>
    </p>
   </div>
   <div class='ocr_carea' id='block_1_2' title="bbox 105 480 1126 563">
    <p class='ocr_par' dir='ltr' id='par_1_2' title="bbox 105 480 1126 563">
     <span class='ocr_line' id='line_1_2' title="bbox 105 480 1126 563; baseline -0.001 -19"><span class='ocrx_word' id='word_1_4' title='bbox 105 480 287 563; x_wconf 75' lang='grc' dir='ltr'><strong><em>λειτουργία.</em></strong></span> <span class='ocrx_word' id='word_1_5' title='bbox 328 485 364 543; x_wconf 80' lang='lat' dir='ltr'>ln</span> <span class='ocrx_word' id='word_1_6' title='bbox 386 486 514 544; x_wconf 79' lang='lat' dir='ltr'>omnibns</span> <span class='ocrx_word' id='word_1_7' title='bbox 536 488 790 560; x_wconf 64' lang='lat' dir='ltr'>quadragesimalis</span> <span class='ocrx_word' id='word_1_8' title='bbox 812 487 913 543; x_wconf 80' lang='lat' dir='ltr'>ieiunii</span> <span class='ocrx_word' id='word_1_9' title='bbox 935 487 1047 552; x_wconf 76' lang='lat' dir='ltr'>diebus,</span> <span class='ocrx_word' id='word_1_10' title='bbox 1076 505 1126 543; x_wconf 80' lang='lat' dir='ltr'>cc·</span> 
     </span>
    </p>
   </div>
   <div class='ocr_carea' id='block_1_3' title="bbox 105 570 1141 3774">
    <p class='ocr_par' dir='ltr' id='par_1_3' title="bbox 105 570 1141 3774">
     <span class='ocr_line' id='line_1_3' title="bbox 105 570 1125 646; baseline -0.001 -17"><span class='ocrx_word' id='word_1_11' title='bbox 105 581 185 646; x_wconf 78' lang='lat' dir='ltr'>cepto</span> <span class='ocrx_word' id='word_1_12' title='bbox 199 573 325 629; x_wconf 78' lang='lat' dir='ltr'><strong><em>Sabbata</em></strong></span> <span class='ocrx_word' id='word_1_13' title='bbox 349 588 383 628; x_wconf 91' lang='grc' dir='ltr'>οο</span> <span class='ocrx_word' id='word_1_14' title='bbox 396 571 547 630; x_wconf 78' lang='lat' dir='ltr'>Dominico</span> <span class='ocrx_word' id='word_1_15' title='bbox 570 580 596 628; x_wconf 88' lang='lat' dir='ltr'>et</span> <span class='ocrx_word' id='word_1_16' title='bbox 617 589 701 628; x_wconf 81' lang='grc' dir='ltr'><em>σοοιο</em></span> <span class='ocrx_word' id='word_1_17' title='bbox 716 570 951 630; x_wconf 69' lang='grc' dir='ltr'>Αιοιιιιασίοίίοοὶο</span> <span class='ocrx_word' id='word_1_18' title='bbox 974 572 1029 637; x_wconf 76' lang='lat' dir='ltr'>die,</span> <span class='ocrx_word' id='word_1_19' title='bbox 1053 574 1125 629; x_wconf 83' lang='lat' dir='ltr'>cete·</span> 
     </span>
     <span class='ocr_line' id='line_1_4' title="bbox 105 656 1127 731; baseline -0.002 -16"><span class='ocrx_word' id='word_1_20' title='bbox 105 661 203 716; x_wconf 79' lang='lat' dir='ltr'>breton</span> <span class='ocrx_word' id='word_1_21' title='bbox 223 666 355 714; x_wconf 76' lang='lat' dir='ltr'>sanctum</span> <span class='ocrx_word' id='word_1_22' title='bbox 375 664 440 712; x_wconf 88' lang='lat' dir='ltr'>onte</span> <span class='ocrx_word' id='word_1_23' title='bbox 462 665 688 713; x_wconf 69' lang='lat' dir='ltr'>consecratorum</span> <span class='ocrx_word' id='word_1_24' title='bbox 708 657 887 731; x_wconf 67' lang='grc' dir='ltr'><em>ιοονίβοίαιο.</em></span> <span class='ocrx_word' id='word_1_25' title='bbox 916 657 1002 726; x_wconf 78' lang='lat' dir='ltr'>Quem</span> <span class='ocrx_word' id='word_1_26' title='bbox 1025 656 1059 713; x_wconf 86' lang='lat' dir='ltr'>ad</span> <span class='ocrx_word' id='word_1_27' title='bbox 1075 656 1127 714; x_wconf 82' lang='lat' dir='ltr'>Cn-</span> 
     </span>
     <span class='ocr_line' id='line_1_5' title="bbox 106 733 1126 818; baseline -0.002 -19"><span class='ocrx_word' id='word_1_28' title='bbox 106 759 208 800; x_wconf 84' lang='lat' dir='ltr'>nonem</span> <span class='ocrx_word' id='word_1_29' title='bbox 228 743 346 801; x_wconf 81' lang='lat' dir='ltr'>Zonaras</span> <span class='ocrx_word' id='word_1_30' title='bbox 374 742 442 799; x_wconf 87' lang='lat' dir='ltr'>baec</span> <span class='ocrx_word' id='word_1_31' title='bbox 463 742 590 799; x_wconf 75' lang='lat' dir='ltr'>adnotat:</span> <span class='ocrx_word' id='word_1_32' title='bbox 619 734 651 798; x_wconf 85' lang='lat' dir='ltr'>ui</span> <span class='ocrx_word' id='word_1_33' title='bbox 673 744 735 799; x_wconf 84' lang='grc' dir='ltr'><em>τῶν</em></span> <span class='ocrx_word' id='word_1_34' title='bbox 756 744 902 816; x_wconf 76' lang='grc' dir='ltr'>νηστειῶν</span> <span class='ocrx_word' id='word_1_35' title='bbox 921 733 1033 818; x_wconf 75' lang='grc' dir='ltr'><em>ἡμέραι</em></span> <span class='ocrx_word' id='word_1_36' title='bbox 1055 736 1126 799; x_wconf 79' lang='grc' dir='ltr'><em>πέν-</em></span> 
     </span>
     <span class='ocr_line' id='line_1_6' title="bbox 106 815 1128 901; baseline -0.001 -17"><span class='ocrx_word' id='word_1_37' title='bbox 106 827 188 894; x_wconf 59' lang='lat' dir='ltr'>&amp;ove</span> <span class='ocrx_word' id='word_1_38' title='bbox 215 815 333 884; x_wconf 72' lang='lat' dir='ltr'>cinnii</span> <span class='ocrx_word' id='word_1_39' title='bbox 318 816 497 901; x_wconf 68' lang='grc' dir='ltr'><em>ἐτάχθησαν</em></span> <span class='ocrx_word' id='word_1_40' title='bbox 525 821 575 883; x_wconf 78' lang='lat' dir='ltr'>atui</span> <span class='ocrx_word' id='word_1_41' title='bbox 603 817 794 895; x_wconf 74' lang='grc' dir='ltr'><strong><em>κατανύξεως</em></strong></span> <span class='ocrx_word' id='word_1_42' title='bbox 818 822 862 894; x_wconf 74' lang='grc' dir='ltr'>οἷς</span> <span class='ocrx_word' id='word_1_43' title='bbox 890 821 1038 899; x_wconf 73' lang='grc' dir='ltr'>ἕξίλασμα</span> <span class='ocrx_word' id='word_1_44' title='bbox 1065 829 1128 883; x_wconf 85' lang='grc' dir='ltr'><em>τῶν</em></span> 
     </span>
     <span class='ocr_line' id='line_1_7' title="bbox 108 903 1128 1013; baseline 0 -45"><span class='ocrx_word' id='word_1_45' title='bbox 108 903 239 969; x_wconf 75' lang='grc' dir='ltr'><em>ἑκάστου</em></span> <span class='ocrx_word' id='word_1_46' title='bbox 272 905 479 988; x_wconf 78' lang='grc' dir='ltr'><em>σφαλμάτων·</em></span> <span class='ocrx_word' id='word_1_47' title='bbox 516 905 551 968; x_wconf 83' lang='grc' dir='ltr'>τὸ</span> <span class='ocrx_word' id='word_1_48' title='bbox 585 906 620 968; x_wconf 76' lang='lat' dir='ltr'>bt</span> <span class='ocrx_word' id='word_1_49' title='bbox 647 912 710 1013; x_wconf 77' lang='grc' dir='ltr'>τῷ</span> <span class='ocrx_word' id='word_1_50' title='bbox 717 909 785 990; x_wconf 73' lang='grc' dir='ltr'>θεῷ</span> <span class='ocrx_word' id='word_1_51' title='bbox 819 905 983 1010; x_wconf 74' lang='grc' dir='ltr'><em>προσάγειν</em></span> <span class='ocrx_word' id='word_1_52' title='bbox 1012 906 1128 980; x_wconf 71' lang='grc' dir='ltr'><em>θσσίας</em></span> 
     </span>
     <span class='ocr_line' id='line_1_8' title="bbox 107 986 1128 1099; baseline 0 -46"><span class='ocrx_word' id='word_1_53' title='bbox 107 989 354 1099; x_wconf 63' lang='grc' dir='ltr'><em>σανηρορίζειν</em></span> <span class='ocrx_word' id='word_1_54' title='bbox 339 990 402 1053; x_wconf 77' lang='grc' dir='ltr'><em>εστὶ</em></span> <span class='ocrx_word' id='word_1_55' title='bbox 425 1005 479 1054; x_wconf 83' lang='lat' dir='ltr'>etc.</span> <span class='ocrx_word' id='word_1_56' title='bbox 508 989 560 1052; x_wconf 77' lang='grc' dir='ltr'>διὰ</span> <span class='ocrx_word' id='word_1_57' title='bbox 582 998 673 1054; x_wconf 76' lang='grc' dir='ltr'><em>τοῦτο</em></span> <span class='ocrx_word' id='word_1_58' title='bbox 696 991 727 1053; x_wconf 77' lang='grc' dir='ltr'><em>ἓν</em></span> <span class='ocrx_word' id='word_1_59' title='bbox 747 991 804 1069; x_wconf 78' lang='grc' dir='ltr'><em>μὲν</em></span> <span class='ocrx_word' id='word_1_60' title='bbox 826 986 933 1062; x_wconf 75' lang='grc' dir='ltr'>ἄλλοις</span> <span class='ocrx_word' id='word_1_61' title='bbox 948 997 1002 1071; x_wconf 83' lang='grc' dir='ltr'>τῆς</span> <span class='ocrx_word' id='word_1_62' title='bbox 1017 1013 1128 1053; x_wconf 80' lang='grc' dir='ltr'><em>τισσα</em></span> 
     </span>
     <span class='ocr_line' id='line_1_9' title="bbox 107 1074 1128 1182; baseline 0.001 -45"><span class='ocrx_word' id='word_1_63' title='bbox 107 1084 300 1182; x_wconf 80' lang='grc' dir='ltr'><em>ρακοστῆς</em></span> <span class='ocrx_word' id='word_1_64' title='bbox 282 1100 314 1154; x_wconf 75' lang='grc' dir='ltr'>οι</span> <span class='ocrx_word' id='word_1_65' title='bbox 302 1075 411 1157; x_wconf 80' lang='grc' dir='ltr'><em>μέραις</em></span> <span class='ocrx_word' id='word_1_66' title='bbox 430 1074 449 1157; x_wconf 82' lang='grc' dir='ltr'><em>ἦ</em></span> <span class='ocrx_word' id='word_1_67' title='bbox 473 1082 535 1138; x_wconf 81' lang='grc' dir='ltr'><em>τῶν</em></span> <span class='ocrx_word' id='word_1_68' title='bbox 527 1074 807 1182; x_wconf 78' lang='grc' dir='ltr'><em>προηγιασμένιον</em></span> <span class='ocrx_word' id='word_1_69' title='bbox 819 1075 930 1178; x_wconf 74' lang='grc' dir='ltr'><em>γίνεται</em></span> <span class='ocrx_word' id='word_1_70' title='bbox 946 1076 1128 1182; x_wconf 76' lang='grc' dir='ltr'><em>λειτουργία,</em></span> 
     </span>
     <span class='ocr_line' id='line_1_10' title="bbox 109 1156 1128 1242; baseline 0 -20"><span class='ocrx_word' id='word_1_71' title='bbox 109 1159 146 1222; x_wconf 76' lang='grc' dir='ltr'>οὗ</span> <span class='ocrx_word' id='word_1_72' title='bbox 174 1158 242 1222; x_wconf 83' lang='grc' dir='ltr'><em>τότε</em></span> <span class='ocrx_word' id='word_1_73' title='bbox 263 1160 422 1242; x_wconf 75' lang='grc' dir='ltr'><em>γινομένης</em></span> <span class='ocrx_word' id='word_1_74' title='bbox 442 1168 497 1233; x_wconf 78' lang='grc' dir='ltr'>τῆς</span> <span class='ocrx_word' id='word_1_75' title='bbox 518 1157 600 1239; x_wconf 75' lang='grc' dir='ltr'><em>ἀναιι</em></span> <span class='ocrx_word' id='word_1_76' title='bbox 601 1160 709 1222; x_wconf 82' lang='grc' dir='ltr'><em>ιάκτοο</em></span> <span class='ocrx_word' id='word_1_77' title='bbox 732 1161 862 1235; x_wconf 68' lang='grc' dir='ltr'><em>θυσίας,</em></span> <span class='ocrx_word' id='word_1_78' title='bbox 891 1156 970 1221; x_wconf 76' lang='grc' dir='ltr'><strong><em>ἀλλὰ</em></strong></span> <span class='ocrx_word' id='word_1_79' title='bbox 992 1166 1046 1240; x_wconf 85' lang='grc' dir='ltr'>τῆς</span> <span class='ocrx_word' id='word_1_80' title='bbox 1067 1157 1128 1240; x_wconf 73' lang='grc' dir='ltr'>ἤδη</span> 
     </span>
     <span class='ocr_line' id='line_1_11' title="bbox 109 1235 1130 1353; baseline 0 -47"><span class='ocrx_word' id='word_1_81' title='bbox 109 1243 340 1326; x_wconf 74' lang='grc' dir='ltr'><em>ττροσαχθείσης</em></span> <span class='ocrx_word' id='word_1_82' title='bbox 361 1246 411 1307; x_wconf 79' lang='grc' dir='ltr'>καὶ</span> <span class='ocrx_word' id='word_1_83' title='bbox 434 1246 629 1324; x_wconf 75' lang='grc' dir='ltr'>τελεσθείσης</span> <span class='ocrx_word' id='word_1_84' title='bbox 655 1235 750 1316; x_wconf 72' lang='grc' dir='ltr'><em>αὖθις</em></span> <span class='ocrx_word' id='word_1_85' title='bbox 767 1243 1009 1353; x_wconf 63' lang='grc' dir='ltr'><em>προσαγομένης.</em></span> <span class='ocrx_word' id='word_1_86' title='bbox 1049 1243 1130 1306; x_wconf 80' lang='grc' dir='ltr'><em>κατὰ</em></span> 
     </span>
     <span class='ocr_line' id='line_1_12' title="bbox 110 1325 1130 1436; baseline 0 -45"><span class='ocrx_word' id='word_1_87' title='bbox 110 1331 145 1392; x_wconf 75' lang='grc' dir='ltr'>δὲ</span> <span class='ocrx_word' id='word_1_88' title='bbox 167 1328 206 1392; x_wconf 83' lang='grc' dir='ltr'>τοὶ</span> <span class='ocrx_word' id='word_1_89' title='bbox 220 1328 375 1407; x_wconf 72' lang='grc' dir='ltr'><em>σάββατα</em></span> <span class='ocrx_word' id='word_1_90' title='bbox 397 1330 447 1391; x_wconf 82' lang='grc' dir='ltr'>καὶ</span> <span class='ocrx_word' id='word_1_91' title='bbox 469 1328 525 1403; x_wconf 86' lang='grc' dir='ltr'>τας</span> <span class='ocrx_word' id='word_1_92' title='bbox 545 1328 701 1413; x_wconf 74' lang='grc' dir='ltr'><em>κοριακιὶς,</em></span> <span class='ocrx_word' id='word_1_93' title='bbox 722 1329 787 1392; x_wconf 70' lang='grc' dir='ltr'>ἐπεὶ</span> <span class='ocrx_word' id='word_1_94' title='bbox 809 1330 841 1392; x_wconf 67' lang='grc' dir='ltr'><em>ἓν</em></span> <span class='ocrx_word' id='word_1_95' title='bbox 860 1325 990 1401; x_wconf 75' lang='grc' dir='ltr'><em>ταύταις</em></span> <span class='ocrx_word' id='word_1_96' title='bbox 1003 1351 1130 1436; x_wconf 76' lang='grc' dir='ltr'><em>νηρτοο·</em></span> 
     </span>
     <span class='ocr_line' id='line_1_13' title="bbox 108 1411 1131 1497; baseline -0.003 -20"><span class='ocrx_word' id='word_1_97' title='bbox 108 1439 155 1477; x_wconf 77' lang='grc' dir='ltr'><em>ειν</em></span> <span class='ocrx_word' id='word_1_98' title='bbox 173 1411 391 1496; x_wconf 75' lang='grc' dir='ltr'><em>ατιηγόριοται,</em></span> <span class='ocrx_word' id='word_1_99' title='bbox 413 1414 567 1478; x_wconf 70' lang='grc' dir='ltr'>ἐνδίδοται</span> <span class='ocrx_word' id='word_1_100' title='bbox 591 1415 641 1476; x_wconf 77' lang='grc' dir='ltr'>καὶ</span> <span class='ocrx_word' id='word_1_101' title='bbox 663 1414 780 1477; x_wconf 73' lang='grc' dir='ltr'><em>θυσίαν</em></span> <span class='ocrx_word' id='word_1_102' title='bbox 800 1413 984 1497; x_wconf 71' lang='grc' dir='ltr'><em>προσφέρειν</em></span> <span class='ocrx_word' id='word_1_103' title='bbox 1005 1413 1056 1474; x_wconf 74' lang='lat' dir='ltr'>noti</span> <span class='ocrx_word' id='word_1_104' title='bbox 1080 1437 1131 1476; x_wconf 82' lang='grc' dir='ltr'>τι-</span> 
     </span>
     <span class='ocr_line' id='line_1_14' title="bbox 109 1499 1130 1598; baseline 0.002 -37"><span class='ocrx_word' id='word_1_105' title='bbox 109 1499 195 1561; x_wconf 66' lang='lat' dir='ltr'>teter</span> <span class='ocrx_word' id='word_1_106' title='bbox 209 1503 391 1580; x_wconf 74' lang='grc' dir='ltr'>λειτουργεῖν</span> <span class='ocrx_word' id='word_1_107' title='bbox 405 1500 602 1582; x_wconf 76' lang='grc' dir='ltr'><em>λοισοσργιαν.</em></span> <span class='ocrx_word' id='word_1_108' title='bbox 632 1505 763 1574; x_wconf 77' lang='lat' dir='ltr'>Quocirca</span> <span class='ocrx_word' id='word_1_109' title='bbox 777 1503 944 1563; x_wconf 84' lang='lat' dir='ltr'>Sacrificium</span> <span class='ocrx_word' id='word_1_110' title='bbox 959 1520 1130 1598; x_wconf 83' lang='lat' dir='ltr'>nequaquam</span> 
     </span>
     <span class='ocr_line' id='line_1_15' title="bbox 110 1589 1131 1664; baseline -0.002 -17"><span class='ocrx_word' id='word_1_111' title='bbox 110 1607 161 1664; x_wconf 88' lang='lat' dir='ltr'>per</span> <span class='ocrx_word' id='word_1_112' title='bbox 182 1589 274 1645; x_wconf 89' lang='lat' dir='ltr'>ieiunii</span> <span class='ocrx_word' id='word_1_113' title='bbox 296 1589 353 1646; x_wconf 88' lang='lat' dir='ltr'>dies</span> <span class='ocrx_word' id='word_1_114' title='bbox 376 1589 497 1646; x_wconf 84' lang='lat' dir='ltr'>oblatum</span> <span class='ocrx_word' id='word_1_115' title='bbox 519 1599 577 1655; x_wconf 89' lang='lat' dir='ltr'>est,</span> <span class='ocrx_word' id='word_1_116' title='bbox 600 1591 648 1646; x_wconf 83' lang='lat' dir='ltr'>sed</span> <span class='ocrx_word' id='word_1_117' title='bbox 671 1607 702 1648; x_wconf 89' lang='lat' dir='ltr'>ea</span> <span class='ocrx_word' id='word_1_118' title='bbox 724 1589 957 1654; x_wconf 70' lang='lat' dir='ltr'>retractabantur,</span> <span class='ocrx_word' id='word_1_119' title='bbox 987 1605 1056 1661; x_wconf 77' lang='lat' dir='ltr'>quae</span> <span class='ocrx_word' id='word_1_120' title='bbox 1077 1589 1131 1645; x_wconf 85' lang='lat' dir='ltr'>iam</span> 
     </span>
     <span class='ocr_line' id='line_1_16' title="bbox 109 1673 1132 1747; baseline -0.004 -15"><span class='ocrx_word' id='word_1_121' title='bbox 109 1684 175 1733; x_wconf 90' lang='lat' dir='ltr'>ante</span> <span class='ocrx_word' id='word_1_122' title='bbox 196 1684 353 1731; x_wconf 86' lang='lat' dir='ltr'>consecrata</span> <span class='ocrx_word' id='word_1_123' title='bbox 374 1675 490 1738; x_wconf 79' lang='lat' dir='ltr'>fuerant,</span> <span class='ocrx_word' id='word_1_124' title='bbox 513 1675 553 1730; x_wconf 92' lang='lat' dir='ltr'>uti</span> <span class='ocrx_word' id='word_1_125' title='bbox 575 1692 652 1731; x_wconf 84' lang='lat' dir='ltr'>sacro</span> <span class='ocrx_word' id='word_1_126' title='bbox 675 1674 840 1732; x_wconf 84' lang='lat' dir='ltr'>Parasceues</span> <span class='ocrx_word' id='word_1_127' title='bbox 854 1689 976 1746; x_wconf 75' lang='lat' dir='ltr'>maguae</span> <span class='ocrx_word' id='word_1_128' title='bbox 997 1673 1040 1729; x_wconf 89' lang='lat' dir='ltr'>die</span> <span class='ocrx_word' id='word_1_129' title='bbox 1059 1673 1132 1747; x_wconf 86' lang='lat' dir='ltr'>apud</span> 
     </span>
     <span class='ocr_line' id='line_1_17' title="bbox 110 1752 1132 1837; baseline 0.001 -21"><span class='ocrx_word' id='word_1_130' title='bbox 110 1777 163 1816; x_wconf 87' lang='lat' dir='ltr'>uos</span> <span class='ocrx_word' id='word_1_131' title='bbox 185 1759 244 1815; x_wconf 87' lang='lat' dir='ltr'>fieri</span> <span class='ocrx_word' id='word_1_132' title='bbox 266 1759 415 1815; x_wconf 85' lang='lat' dir='ltr'>consuevit.</span> <span class='ocrx_word' id='word_1_133' title='bbox 444 1759 543 1816; x_wconf 82' lang='lat' dir='ltr'>Extant</span> <span class='ocrx_word' id='word_1_134' title='bbox 565 1759 625 1816; x_wconf 86' lang='lat' dir='ltr'>iliae</span> <span class='ocrx_word' id='word_1_135' title='bbox 647 1760 708 1817; x_wconf 81' lang='grc' dir='ltr'><em>τῶν</em></span> <span class='ocrx_word' id='word_1_136' title='bbox 729 1752 981 1837; x_wconf 74' lang='grc' dir='ltr'><em>προηγιασμένονν</em></span> <span class='ocrx_word' id='word_1_137' title='bbox 995 1755 1132 1835; x_wconf 71' lang='grc' dir='ltr'><em>λειτουρ-</em></span> 
     </span>
     <span class='ocr_line' id='line_1_18' title="bbox 109 1839 1132 1920; baseline -0.002 -20"><span class='ocrx_word' id='word_1_138' title='bbox 109 1839 173 1920; x_wconf 78' lang='grc' dir='ltr'><em>γίαι</em></span> <span class='ocrx_word' id='word_1_139' title='bbox 197 1843 281 1899; x_wconf 86' lang='grc' dir='ltr'><em>Τοιοο</em></span> <span class='ocrx_word' id='word_1_140' title='bbox 304 1846 331 1901; x_wconf 88' lang='grc'>6.</span> <span class='ocrx_word' id='word_1_141' title='bbox 369 1843 496 1901; x_wconf 87' lang='lat' dir='ltr'>Biblioth.</span> <span class='ocrx_word' id='word_1_142' title='bbox 526 1861 588 1901; x_wconf 89' lang='lat' dir='ltr'>cum</span> <span class='ocrx_word' id='word_1_143' title='bbox 617 1844 782 1902; x_wconf 81' lang='lat' dir='ltr'>Genebrardi</span> <span class='ocrx_word' id='word_1_144' title='bbox 809 1843 997 1908; x_wconf 78' lang='lat' dir='ltr'>Praebuere,</span> <span class='ocrx_word' id='word_1_145' title='bbox 1023 1843 1050 1901; x_wconf 90' lang='lat' dir='ltr'>iu</span> <span class='ocrx_word' id='word_1_146' title='bbox 1078 1859 1132 1916; x_wconf 78' lang='lat' dir='ltr'>qua</span> 
     </span>
     <span class='ocr_line' id='line_1_19' title="bbox 112 1927 1131 2004; baseline 0 -19"><span class='ocrx_word' id='word_1_147' title='bbox 112 1930 278 1986; x_wconf 87' lang='lat' dir='ltr'>Graecorum</span> <span class='ocrx_word' id='word_1_148' title='bbox 305 1928 386 1985; x_wconf 89' lang='lat' dir='ltr'>ritum</span> <span class='ocrx_word' id='word_1_149' title='bbox 414 1929 489 1984; x_wconf 87' lang='lat' dir='ltr'>iilum</span> <span class='ocrx_word' id='word_1_150' title='bbox 517 1929 645 1986; x_wconf 87' lang='lat' dir='ltr'>adversus</span> <span class='ocrx_word' id='word_1_151' title='bbox 669 1929 822 1986; x_wconf 80' lang='lat' dir='ltr'>Catholioos</span> <span class='ocrx_word' id='word_1_152' title='bbox 850 1928 981 2004; x_wconf 83' lang='lat' dir='ltr'>quosdam</span> <span class='ocrx_word' id='word_1_153' title='bbox 1004 1927 1131 1985; x_wconf 82' lang='lat' dir='ltr'>doctores</span> 
     </span>
     <span class='ocr_line' id='line_1_20' title="bbox 110 2013 1133 2090; baseline -0.002 -20"><span class='ocrx_word' id='word_1_154' title='bbox 110 2024 277 2088; x_wconf 76' lang='lat' dir='ltr'><strong>propugnat,</strong></span> <span class='ocrx_word' id='word_1_155' title='bbox 299 2023 436 2087; x_wconf 75' lang='lat' dir='ltr'>negatque</span> <span class='ocrx_word' id='word_1_156' title='bbox 456 2014 802 2088; x_wconf 77' lang='lat' dir='ltr'>proptereo&#39;damnondum</span> <span class='ocrx_word' id='word_1_157' title='bbox 826 2031 896 2079; x_wconf 84' lang='lat' dir='ltr'>esse,</span> <span class='ocrx_word' id='word_1_158' title='bbox 920 2013 993 2090; x_wconf 84' lang='lat' dir='ltr'>quod</span> <span class='ocrx_word' id='word_1_159' title='bbox 1009 2013 1082 2071; x_wconf 81' lang='lat' dir='ltr'>nuile</span> <span class='ocrx_word' id='word_1_160' title='bbox 1105 2013 1133 2068; x_wconf 90' lang='lat' dir='ltr'>in</span> 
     </span>
     <span class='ocr_line' id='line_1_21' title="bbox 111 2097 1132 2174; baseline -0.002 -19"><span class='ocrx_word' id='word_1_161' title='bbox 111 2099 144 2155; x_wconf 89' lang='lat' dir='ltr'>iis</span> <span class='ocrx_word' id='word_1_162' title='bbox 166 2098 293 2172; x_wconf 79' lang='lat' dir='ltr'>liturgiis</span> <span class='ocrx_word' id='word_1_163' title='bbox 322 2115 411 2171; x_wconf 83' lang='lat' dir='ltr'>neque</span> <span class='ocrx_word' id='word_1_164' title='bbox 438 2101 607 2157; x_wconf 82' lang='lat' dir='ltr'>consecratio</span> <span class='ocrx_word' id='word_1_165' title='bbox 635 2117 725 2174; x_wconf 89' lang='lat' dir='ltr'>neque</span> <span class='ocrx_word' id='word_1_166' title='bbox 747 2099 902 2157; x_wconf 69' lang='lat' dir='ltr'>distributio</span> <span class='ocrx_word' id='word_1_167' title='bbox 924 2115 956 2155; x_wconf 84' lang='lat' dir='ltr'>ao</span> <span class='ocrx_word' id='word_1_168' title='bbox 978 2097 1132 2154; x_wconf 86' lang='lat' dir='ltr'>communio</span> 
     </span>
     <span class='ocr_line' id='line_1_22' title="bbox 112 2182 1133 2257; baseline -0.003 -17"><span class='ocrx_word' id='word_1_169' title='bbox 112 2184 308 2240; x_wconf 71' lang='lat' dir='ltr'>contineretur.</span> <span class='ocrx_word' id='word_1_170' title='bbox 339 2187 457 2256; x_wconf 75' lang='lat' dir='ltr'><strong>Apparet</strong></span> <span class='ocrx_word' id='word_1_171' title='bbox 471 2195 571 2248; x_wconf 88' lang='lat' dir='ltr'>autem,</span> <span class='ocrx_word' id='word_1_172' title='bbox 595 2184 822 2257; x_wconf 84' lang='lat' dir='ltr'>quemadmodum</span> <span class='ocrx_word' id='word_1_173' title='bbox 836 2184 865 2241; x_wconf 88' lang='lat' dir='ltr'>iu</span> <span class='ocrx_word' id='word_1_174' title='bbox 880 2182 1043 2256; x_wconf 66' lang='lat' dir='ltr'>synaxibus,</span> <span class='ocrx_word' id='word_1_175' title='bbox 1064 2198 1133 2255; x_wconf 88' lang='lat' dir='ltr'>quae</span> 
     </span>
     <span class='ocr_line' id='line_1_23' title="bbox 113 2265 1135 2342; baseline -0.004 -18"><span class='ocrx_word' id='word_1_176' title='bbox 113 2284 164 2342; x_wconf 76' lang='lat' dir='ltr'>ner</span> <span class='ocrx_word' id='word_1_177' title='bbox 184 2267 244 2324; x_wconf 83' lang='lat' dir='ltr'>ilios</span> <span class='ocrx_word' id='word_1_178' title='bbox 267 2268 326 2324; x_wconf 90' lang='lat' dir='ltr'>dies</span> <span class='ocrx_word' id='word_1_179' title='bbox 346 2267 457 2333; x_wconf 84' lang='lat' dir='ltr'>fiebant,</span> <span class='ocrx_word' id='word_1_180' title='bbox 481 2269 584 2325; x_wconf 87' lang='lat' dir='ltr'>nullum</span> <span class='ocrx_word' id='word_1_181' title='bbox 609 2279 651 2326; x_wconf 88' lang='lat' dir='ltr'>est</span> <span class='ocrx_word' id='word_1_182' title='bbox 672 2269 794 2325; x_wconf 87' lang='lat' dir='ltr'>oblatum</span> <span class='ocrx_word' id='word_1_183' title='bbox 816 2267 987 2330; x_wconf 85' lang='lat' dir='ltr'>sacrificium,</span> <span class='ocrx_word' id='word_1_184' title='bbox 1011 2267 1048 2322; x_wconf 84' lang='lat' dir='ltr'>ita</span> <span class='ocrx_word' id='word_1_185' title='bbox 1069 2265 1135 2322; x_wconf 89' lang='lat' dir='ltr'>uul-</span> 
     </span>
     <span class='ocr_line' id='line_1_24' title="bbox 112 2349 1134 2425; baseline -0.004 -16"><span class='ocrx_word' id='word_1_186' title='bbox 112 2354 165 2410; x_wconf 87' lang='lat' dir='ltr'>lam</span> <span class='ocrx_word' id='word_1_187' title='bbox 194 2352 313 2409; x_wconf 85' lang='lat' dir='ltr'>fidelium</span> <span class='ocrx_word' id='word_1_188' title='bbox 340 2353 560 2409; x_wconf 84' lang='lat' dir='ltr'>communionem</span> <span class='ocrx_word' id='word_1_189' title='bbox 589 2353 717 2410; x_wconf 82' lang='lat' dir='ltr'>extitisse.</span> <span class='ocrx_word' id='word_1_190' title='bbox 764 2353 842 2421; x_wconf 83' lang='lat' dir='ltr'>Quod</span> <span class='ocrx_word' id='word_1_191' title='bbox 864 2359 1005 2425; x_wconf 83' lang='lat' dir='ltr'>praeterea</span> <span class='ocrx_word' id='word_1_192' title='bbox 1026 2349 1079 2407; x_wconf 87' lang='lat' dir='ltr'>alio</span> <span class='ocrx_word' id='word_1_193' title='bbox 1097 2362 1134 2406; x_wconf 81' lang='lat' dir='ltr'>&#39;ex</span> 
     </span>
     <span class='ocr_line' id='line_1_25' title="bbox 111 2434 1133 2512; baseline -0.004 -18"><span class='ocrx_word' id='word_1_194' title='bbox 111 2447 274 2510; x_wconf 82' lang='lat' dir='ltr'>argumento</span> <span class='ocrx_word' id='word_1_195' title='bbox 303 2437 447 2510; x_wconf 80' lang='lat' dir='ltr'>colligitur.</span> <span class='ocrx_word' id='word_1_196' title='bbox 491 2437 597 2493; x_wconf 77' lang='lat' dir='ltr'>Etenim</span> <span class='ocrx_word' id='word_1_197' title='bbox 621 2454 714 2512; x_wconf 87' lang='lat' dir='ltr'>neque</span> <span class='ocrx_word' id='word_1_198' title='bbox 739 2437 890 2495; x_wconf 83' lang='lat' dir='ltr'>ieiunantes</span> <span class='ocrx_word' id='word_1_199' title='bbox 912 2435 1037 2492; x_wconf 86' lang='lat' dir='ltr'>osculum</span> <span class='ocrx_word' id='word_1_200' title='bbox 1059 2434 1133 2508; x_wconf 83' lang='lat' dir='ltr'>pacis</span> 
     </span>
     <span class='ocr_line' id='line_1_26' title="bbox 113 2519 1135 2597; baseline -0.005 -17"><span class='ocrx_word' id='word_1_201' title='bbox 113 2522 242 2580; x_wconf 81' lang='lat' dir='ltr'>iratribus</span> <span class='ocrx_word' id='word_1_202' title='bbox 265 2521 498 2595; x_wconf 82' lang='lat' dir='ltr'>impartiebantur,</span> <span class='ocrx_word' id='word_1_203' title='bbox 522 2540 612 2597; x_wconf 92' lang='lat' dir='ltr'>neque</span> <span class='ocrx_word' id='word_1_204' title='bbox 634 2522 825 2595; x_wconf 78' lang='lat' dir='ltr'>mysteriorum</span> <span class='ocrx_word' id='word_1_205' title='bbox 847 2519 994 2577; x_wconf 76' lang='lat' dir='ltr'>celebratio</span> <span class='ocrx_word' id='word_1_206' title='bbox 1016 2536 1048 2576; x_wconf 86' lang='lat' dir='ltr'>ac</span> <span class='ocrx_word' id='word_1_207' title='bbox 1070 2536 1135 2592; x_wconf 63' lang='lat' dir='ltr'>para</span> 
     </span>
     <span class='ocr_line' id='line_1_27' title="bbox 114 2603 1135 2682; baseline -0.003 -19"><span class='ocrx_word' id='word_1_208' title='bbox 114 2607 234 2680; x_wconf 81' lang='lat' dir='ltr'>tioipatio</span> <span class='ocrx_word' id='word_1_209' title='bbox 256 2607 315 2663; x_wconf 87' lang='lat' dir='ltr'>sine</span> <span class='ocrx_word' id='word_1_210' title='bbox 340 2623 406 2679; x_wconf 82' lang='lat' dir='ltr'>pace</span> <span class='ocrx_word' id='word_1_211' title='bbox 430 2607 580 2682; x_wconf 84' lang='lat' dir='ltr'>osculoque</span> <span class='ocrx_word' id='word_1_212' title='bbox 595 2605 785 2680; x_wconf 81' lang='lat' dir='ltr'>peragebatur.</span> <span class='ocrx_word' id='word_1_213' title='bbox 816 2605 918 2661; x_wconf 88' lang='lat' dir='ltr'>Horum</span> <span class='ocrx_word' id='word_1_214' title='bbox 933 2605 1051 2678; x_wconf 87' lang='lat' dir='ltr'>primum</span> <span class='ocrx_word' id='word_1_215' title='bbox 1067 2603 1135 2661; x_wconf 81' lang='lat' dir='ltr'>Ter·</span> 
     </span>
     <span class='ocr_line' id='line_1_28' title="bbox 113 2689 1135 2749; baseline -0.003 -1"><span class='ocrx_word' id='word_1_216' title='bbox 113 2692 243 2748; x_wconf 81' lang='lat' dir='ltr'>tullianus</span> <span class='ocrx_word' id='word_1_217' title='bbox 265 2691 311 2748; x_wconf 90' lang='lat' dir='ltr'>lib.</span> <span class='ocrx_word' id='word_1_218' title='bbox 336 2691 369 2748; x_wconf 87' lang='lat' dir='ltr'>de</span> <span class='ocrx_word' id='word_1_219' title='bbox 392 2693 465 2748; x_wconf 86' lang='lat' dir='ltr'>Orat.</span> <span class='ocrx_word' id='word_1_220' title='bbox 489 2692 539 2748; x_wconf 91' lang='lat' dir='ltr'>sub</span> <span class='ocrx_word' id='word_1_221' title='bbox 563 2692 644 2749; x_wconf 82' lang='lat' dir='ltr'>tinem</span> <span class='ocrx_word' id='word_1_222' title='bbox 665 2691 765 2747; x_wconf 87' lang='lat' dir='ltr'>iudicat</span> <span class='ocrx_word' id='word_1_223' title='bbox 787 2689 829 2747; x_wconf 90' lang='lat' dir='ltr'>his</span> <span class='ocrx_word' id='word_1_224' title='bbox 852 2689 956 2748; x_wconf 85' lang='lat' dir='ltr'>verbis:</span> <span class='ocrx_word' id='word_1_225' title='bbox 979 2689 1028 2748; x_wconf 77' lang='lat' dir='ltr'>so</span> <span class='ocrx_word' id='word_1_226' title='bbox 1050 2697 1075 2749; x_wconf 82' lang='lat' dir='ltr'>et</span> <span class='ocrx_word' id='word_1_227' title='bbox 1090 2690 1135 2746; x_wconf 78' lang='lat' dir='ltr'>ute</span> 
     </span>
     <span class='ocr_line' id='line_1_29' title="bbox 113 2775 1134 2849; baseline -0.002 -16"><span class='ocrx_word' id='word_1_228' title='bbox 113 2777 258 2841; x_wconf 78' lang='lat' dir='ltr'>Paschae,</span> <span class='ocrx_word' id='word_1_229' title='bbox 288 2793 341 2849; x_wconf 82' lang='grc' dir='ltr'><em>ριιο</em></span> <span class='ocrx_word' id='word_1_230' title='bbox 371 2779 522 2834; x_wconf 81' lang='lat' dir='ltr'>communie</span> <span class='ocrx_word' id='word_1_231' title='bbox 551 2785 576 2833; x_wconf 91' lang='lat' dir='ltr'>et</span> <span class='ocrx_word' id='word_1_232' title='bbox 599 2777 681 2849; x_wconf 73' lang='lat' dir='ltr'>quoii</span> <span class='ocrx_word' id='word_1_233' title='bbox 700 2776 818 2849; x_wconf 75' lang='lat' dir='ltr'>pontica</span> <span class='ocrx_word' id='word_1_234' title='bbox 839 2776 941 2832; x_wconf 79' lang='lat' dir='ltr'>ieiunii</span> <span class='ocrx_word' id='word_1_235' title='bbox 959 2775 1061 2847; x_wconf 62' lang='lat' dir='ltr'>reticio</span> <span class='ocrx_word' id='word_1_236' title='bbox 1083 2783 1134 2838; x_wconf 82' lang='lat' dir='ltr'>cot,</span> 
     </span>
     <span class='ocr_line' id='line_1_30' title="bbox 112 2860 1136 2933; baseline 0 -17"><span class='ocrx_word' id='word_1_237' title='bbox 112 2863 213 2917; x_wconf 84' lang='lat' dir='ltr'>merito</span> <span class='ocrx_word' id='word_1_238' title='bbox 236 2863 398 2933; x_wconf 78' lang='grc' dir='ltr'><em>ἀοροοὶοιιιι</em></span> <span class='ocrx_word' id='word_1_239' title='bbox 421 2864 554 2927; x_wconf 76' lang='lat' dir='ltr'>osculum,</span> <span class='ocrx_word' id='word_1_240' title='bbox 577 2862 650 2919; x_wconf 76' lang='lat' dir='ltr'>nituit</span> <span class='ocrx_word' id='word_1_241' title='bbox 672 2869 803 2918; x_wconf 81' lang='lat' dir='ltr'>curantes</span> <span class='ocrx_word' id='word_1_242' title='bbox 824 2863 859 2917; x_wconf 82' lang='grc' dir='ltr'>οι</span> <span class='ocrx_word' id='word_1_243' title='bbox 874 2862 1038 2925; x_wconf 72' lang='lat' dir='ltr'>osculando,</span> <span class='ocrx_word' id='word_1_244' title='bbox 1060 2860 1136 2932; x_wconf 70' lang='lat' dir='ltr'>quod</span> 
     </span>
     <span class='ocr_line' id='line_1_31' title="bbox 114 2944 1136 3020; baseline -0.003 -18"><span class='ocrx_word' id='word_1_245' title='bbox 114 2964 176 3003; x_wconf 84' lang='lat' dir='ltr'>cnm</span> <span class='ocrx_word' id='word_1_246' title='bbox 198 2948 325 3003; x_wconf 81' lang='lat' dir='ltr'>omuibus</span> <span class='ocrx_word' id='word_1_247' title='bbox 345 2948 495 3019; x_wconf 72' lang='lat' dir='ltr'>[amamus.</span> <span class='ocrx_word' id='word_1_248' title='bbox 535 2948 564 3003; x_wconf 91' lang='lat' dir='ltr'>ln</span> <span class='ocrx_word' id='word_1_249' title='bbox 587 2946 703 3020; x_wconf 88' lang='lat' dir='ltr'>publicis</span> <span class='ocrx_word' id='word_1_250' title='bbox 723 2945 808 3019; x_wconf 84' lang='lat' dir='ltr'>igitur</span> <span class='ocrx_word' id='word_1_251' title='bbox 829 2946 1044 3018; x_wconf 84' lang='lat' dir='ltr'>solennibusque</span> <span class='ocrx_word' id='word_1_252' title='bbox 1064 2944 1136 3000; x_wconf 73' lang='lat' dir='ltr'>ieiu-</span> 
     </span>
     <span class='ocr_line' id='line_1_32' title="bbox 115 3027 1135 3105; baseline -0.002 -18"><span class='ocrx_word' id='word_1_253' title='bbox 115 3032 167 3088; x_wconf 89' lang='lat' dir='ltr'>niis</span> <span class='ocrx_word' id='word_1_254' title='bbox 190 3048 300 3105; x_wconf 87' lang='lat' dir='ltr'>paoem,</span> <span class='ocrx_word' id='word_1_255' title='bbox 330 3033 383 3089; x_wconf 88' lang='lat' dir='ltr'>hoc</span> <span class='ocrx_word' id='word_1_256' title='bbox 407 3042 448 3088; x_wconf 90' lang='lat' dir='ltr'>est</span> <span class='ocrx_word' id='word_1_257' title='bbox 471 3032 610 3096; x_wconf 86' lang='lat' dir='ltr'>osculum,</span> <span class='ocrx_word' id='word_1_258' title='bbox 640 3031 692 3087; x_wconf 90' lang='lat' dir='ltr'>sibi</span> <span class='ocrx_word' id='word_1_259' title='bbox 714 3041 809 3087; x_wconf 91' lang='lat' dir='ltr'>mutuo</span> <span class='ocrx_word' id='word_1_260' title='bbox 831 3031 933 3087; x_wconf 79' lang='lat' dir='ltr'>fideles.</span> <span class='ocrx_word' id='word_1_261' title='bbox 948 3047 1003 3087; x_wconf 91' lang='lat' dir='ltr'>uon</span> <span class='ocrx_word' id='word_1_262' title='bbox 1025 3027 1135 3085; x_wconf 70' lang='lat' dir='ltr'>(tabenti</span> 
     </span>
     <span class='ocr_line' id='line_1_33' title="bbox 113 3111 1136 3189; baseline -0.002 -18"><span class='ocrx_word' id='word_1_263' title='bbox 113 3116 194 3185; x_wconf 82' lang='lat' dir='ltr'>Quod</span> <span class='ocrx_word' id='word_1_264' title='bbox 222 3133 283 3173; x_wconf 89' lang='lat' dir='ltr'>cum</span> <span class='ocrx_word' id='word_1_265' title='bbox 312 3116 339 3172; x_wconf 91' lang='lat' dir='ltr'>iu</span> <span class='ocrx_word' id='word_1_266' title='bbox 368 3118 476 3189; x_wconf 84' lang='lat' dir='ltr'>privatis</span> <span class='ocrx_word' id='word_1_267' title='bbox 505 3125 533 3173; x_wconf 90' lang='lat' dir='ltr'>et</span> <span class='ocrx_word' id='word_1_268' title='bbox 560 3117 697 3173; x_wconf 86' lang='lat' dir='ltr'>voluntate</span> <span class='ocrx_word' id='word_1_269' title='bbox 725 3115 859 3188; x_wconf 81' lang='lat' dir='ltr'>susceptis</span> <span class='ocrx_word' id='word_1_270' title='bbox 887 3114 999 3188; x_wconf 83' lang='lat' dir='ltr'>perinde</span> <span class='ocrx_word' id='word_1_271' title='bbox 1025 3111 1136 3169; x_wconf 83' lang='lat' dir='ltr'>abillis</span> 
     </span>
     <span class='ocr_line' id='line_1_34' title="bbox 115 3197 1135 3274; baseline -0.005 -17"><span class='ocrx_word' id='word_1_272' title='bbox 115 3201 322 3266; x_wconf 78' lang='lat' dir='ltr'>observaretur,</span> <span class='ocrx_word' id='word_1_273' title='bbox 351 3201 432 3274; x_wconf 84' lang='lat' dir='ltr'>paulo</span> <span class='ocrx_word' id='word_1_274' title='bbox 461 3211 523 3257; x_wconf 85' lang='lat' dir='ltr'>ante</span> <span class='ocrx_word' id='word_1_275' title='bbox 552 3201 623 3258; x_wconf 85' lang='lat' dir='ltr'>idem</span> <span class='ocrx_word' id='word_1_276' title='bbox 651 3201 763 3258; x_wconf 85' lang='lat' dir='ltr'>Tertull.</span> <span class='ocrx_word' id='word_1_277' title='bbox 787 3199 937 3272; x_wconf 86' lang='lat' dir='ltr'>improbat:</span> <span class='ocrx_word' id='word_1_278' title='bbox 974 3197 1040 3255; x_wconf 69' lang='lat' dir='ltr'>Atta</span> <span class='ocrx_word' id='word_1_279' title='bbox 1067 3199 1135 3261; x_wconf 80' lang='lat' dir='ltr'>tom,</span> 
     </span>
     <span class='ocr_line' id='line_1_35' title="bbox 114 3278 1137 3361; baseline -0.001 -19"><span class='ocrx_word' id='word_1_280' title='bbox 114 3287 219 3358; x_wconf 89' lang='lat' dir='ltr'>iuquit,</span> <span class='ocrx_word' id='word_1_281' title='bbox 249 3278 419 3341; x_wconf 76' lang='lat' dir='ltr'>consuetudo</span> <span class='ocrx_word' id='word_1_282' title='bbox 442 3287 574 3342; x_wconf 82' lang='lat' dir='ltr'>inuoluit.</span> <span class='ocrx_word' id='word_1_283' title='bbox 618 3287 781 3342; x_wconf 78' lang='lat' dir='ltr'>Ieiunantes</span> <span class='ocrx_word' id='word_1_284' title='bbox 797 3285 903 3361; x_wconf 11' lang='lat' dir='ltr'>*babitu</span> <span class='ocrx_word' id='word_1_285' title='bbox 925 3284 1053 3341; x_wconf 82' lang='lat' dir='ltr'>oratione</span> <span class='ocrx_word' id='word_1_286' title='bbox 1075 3298 1137 3341; x_wconf 80' lang='lat' dir='ltr'>oum</span> 
     </span>
     <span class='ocr_line' id='line_1_36' title="bbox 111 3369 1136 3444; baseline -0.003 -18"><span class='ocrx_word' id='word_1_287' title='bbox 111 3371 254 3444; x_wconf 72' lang='lat' dir='ltr'>[ratribus</span> <span class='ocrx_word' id='word_1_288' title='bbox 274 3371 444 3427; x_wconf 78' lang='lat' dir='ltr'>subtrabunt</span> <span class='ocrx_word' id='word_1_289' title='bbox 467 3373 591 3428; x_wconf 77' lang='lat' dir='ltr'>occulunt</span> <span class='ocrx_word' id='word_1_290' title='bbox 609 3372 702 3444; x_wconf 79' lang='lat' dir='ltr'>pecie,</span> <span class='ocrx_word' id='word_1_291' title='bbox 726 3371 800 3441; x_wconf 75' lang='lat' dir='ltr'>quod</span> <span class='ocrx_word' id='word_1_292' title='bbox 821 3376 862 3425; x_wconf 78' lang='lat' dir='ltr'>eet</span> <span class='ocrx_word' id='word_1_293' title='bbox 875 3369 1054 3441; x_wconf 76' lang='grc' dir='ltr'><em>σι’ροοοαὶαοι</em></span> <span class='ocrx_word' id='word_1_294' title='bbox 1070 3374 1136 3423; x_wconf 65' lang='lat' dir='ltr'>oro*-</span> 
     </span>
     <span class='ocr_line' id='line_1_37' title="bbox 116 3452 1138 3527; baseline -0.002 -16"><span class='ocrx_word' id='word_1_295' title='bbox 116 3457 210 3512; x_wconf 81' lang='lat' dir='ltr'>tionie.</span> <span class='ocrx_word' id='word_1_296' title='bbox 241 3455 317 3512; x_wconf 87' lang='lat' dir='ltr'>Unde</span> <span class='ocrx_word' id='word_1_297' title='bbox 340 3455 400 3512; x_wconf 88' lang='lat' dir='ltr'>illos</span> <span class='ocrx_word' id='word_1_298' title='bbox 422 3455 558 3520; x_wconf 87' lang='lat' dir='ltr'>admonet,</span> <span class='ocrx_word' id='word_1_299' title='bbox 581 3465 612 3511; x_wconf 85' lang='lat' dir='ltr'>ut</span> <span class='ocrx_word' id='word_1_300' title='bbox 628 3472 689 3510; x_wconf 89' lang='lat' dir='ltr'>oum</span> <span class='ocrx_word' id='word_1_301' title='bbox 704 3454 826 3526; x_wconf 85' lang='lat' dir='ltr'>privatim</span> <span class='ocrx_word' id='word_1_302' title='bbox 842 3455 894 3527; x_wconf 84' lang='lat' dir='ltr'>ipsi</span> <span class='ocrx_word' id='word_1_303' title='bbox 908 3454 1037 3519; x_wconf 82' lang='lat' dir='ltr'>ieiunant,</span> <span class='ocrx_word' id='word_1_304' title='bbox 1061 3452 1138 3509; x_wconf 75' lang='lat' dir='ltr'>domi</span> 
     </span>
     <span class='ocr_line' id='line_1_38' title="bbox 113 3539 1141 3614; baseline -0.002 -18"><span class='ocrx_word' id='word_1_305' title='bbox 113 3543 241 3614; x_wconf 77' lang='lat' dir='ltr'>quidem,</span> <span class='ocrx_word' id='word_1_306' title='bbox 263 3541 337 3596; x_wconf 85' lang='lat' dir='ltr'>inter</span> <span class='ocrx_word' id='word_1_307' title='bbox 359 3556 427 3612; x_wconf 76' lang='lat' dir='ltr'>quoe</span> <span class='ocrx_word' id='word_1_308' title='bbox 449 3542 539 3596; x_wconf 83' lang='lat' dir='ltr'>tatere</span> <span class='ocrx_word' id='word_1_309' title='bbox 559 3541 696 3596; x_wconf 78' lang='lat' dir='ltr'>ieiunium</span> <span class='ocrx_word' id='word_1_310' title='bbox 716 3540 747 3595; x_wconf 85' lang='lat' dir='ltr'>in</span> <span class='ocrx_word' id='word_1_311' title='bbox 770 3546 855 3595; x_wconf 77' lang='lat' dir='ltr'>toturn</span> <span class='ocrx_word' id='word_1_312' title='bbox 876 3554 933 3596; x_wconf 84' lang='lat' dir='ltr'>non</span> <span class='ocrx_word' id='word_1_313' title='bbox 955 3539 1054 3603; x_wconf 82' lang='lat' dir='ltr'>datur,</span> <span class='ocrx_word' id='word_1_314' title='bbox 1080 3542 1141 3611; x_wconf 59' lang='grc' dir='ltr'>ρο»ι</span> 
     </span>
     <span class='ocr_line' id='line_1_39' title="bbox 114 3622 1137 3699; baseline -0.002 -18"><span class='ocrx_word' id='word_1_315' title='bbox 114 3643 174 3683; x_wconf 74' lang='lat' dir='ltr'>cene</span> <span class='ocrx_word' id='word_1_316' title='bbox 201 3626 349 3696; x_wconf 75' lang='lat' dir='ltr'>differunt,</span> <span class='ocrx_word' id='word_1_317' title='bbox 383 3635 411 3682; x_wconf 87' lang='lat' dir='ltr'>at</span> <span class='ocrx_word' id='word_1_318' title='bbox 439 3624 546 3699; x_wconf 82' lang='lat' dir='ltr'>publice</span> <span class='ocrx_word' id='word_1_319' title='bbox 575 3633 604 3681; x_wconf 90' lang='lat' dir='ltr'>et</span> <span class='ocrx_word' id='word_1_320' title='bbox 630 3624 658 3680; x_wconf 91' lang='lat' dir='ltr'>in</span> <span class='ocrx_word' id='word_1_321' title='bbox 680 3623 800 3683; x_wconf 79' lang='lat' dir='ltr'>Ecclesia</span> <span class='ocrx_word' id='word_1_322' title='bbox 829 3624 997 3682; x_wconf 83' lang='lat' dir='ltr'>dissimulato</span> <span class='ocrx_word' id='word_1_323' title='bbox 1026 3622 1137 3687; x_wconf 80' lang='lat' dir='ltr'>ieiunio.</span> 
     </span>
     <span class='ocr_line' id='line_1_40' title="bbox 168 3720 984 3774; baseline -0.005 -11"><span class='ocrx_word' id='word_1_324' title='bbox 168 3720 311 3774; x_wconf 78' lang='lat' dir='ltr'>Epipirauius.</span> <span class='ocrx_word' id='word_1_325' title='bbox 337 3720 360 3763; x_wconf 86' lang='lat' dir='ltr'>V.</span> <span class='ocrx_word' id='word_1_326' title='bbox 952 3723 984 3772; x_wconf 75' lang='lat'>20</span> 
     </span>
    </p>
   </div>
   <div class='ocr_carea' id='block_1_4' title="bbox 0 0 1287 4154">
    <p class='ocr_par' dir='ltr' id='par_1_4' title="bbox 0 0 1287 4154">
     <span class='ocr_line' id='line_1_41' title="bbox 0 0 1287 4154; baseline 0 0"><span class='ocrx_word' id='word_1_327' title='bbox 0 0 1287 4154; x_wconf 95' lang='lat' dir='ltr'> </span> 
     </span>
    </p>
   </div>
  </div>
 </body>
</html>
