2534 4154
240 1216 408 1302 DlONYSll
430 1217 577 1280 PETlvll
600 1218 623 1280 E
647 1218 854 1282 socruum
877 1220 966 1283 lESU

84 1386 592 1472 lelldlllEllSlllNES
614 1389 665 1470 lN
685 1389 958 1471 Eltlltldtl
985 1389 1110 1474 olus

392 1577 466 1629 duob
484 1576 623 1622 ventulum
640 1577 824 1626 lNSCRIBlTUR.

441 1961 764 2027 ΠΡΟΘΕΩΡΙΑ.

177 2125 205 2182 Si
234 2140 295 2181 cum
324 2125 454 2197 exquisita
482 2141 588 2188 rernm,
620 2141 688 2197 quae
717 2125 744 2180 in
766 2126 819 2183 hoc
842 2125 929 2198 Opere
951 2131 1112 2187 tractantur,

1128 1229 1140 1279 l

84 2223 222 2278 varietate
245 2237 275 2276 ac
298 2221 376 2294 copia
398 2221 548 2294 adaequare
577 2221 818 2300 commentationes
844 2229 952 2277 nostras
977 2219 1129 2276 instituis--

89 2337 162 2384 sem,
185 2335 240 2374 non
262 2316 389 2373 brevibus
411 2318 476 2374 iisce
502 2319 574 2374 notis
598 2327 624 2374 et
639 2315 930 2380 animadversionibus,
954 2317 1002 2372 sed
1016 2317 1114 2389 ingen-

92 2416 169 2473 tibus
190 2413 267 2470 libris
290 2414 481 2470 committenda
503 2432 547 2470 res
570 2415 666 2471 luerat.
699 2415 830 2483 Quoniam
853 2423 943 2470 autem
966 2430 1054 2486 neque
1069 2426 1113 2469 me

92 2511 350 2570 commentariorum
378 2511 464 2566 moles
493 2511 536 2567 illa
565 2513 693 2580 delectat3
724 2521 750 2568 et
779 2511 947 2568 eruditorum
969 2511 1113 2567 Lectorum

89 2609 208 2668 fastidiis
231 2609 429 2665 occurrendum
451 2608 542 2682 potins
566 2610 618 2665 boc
640 2610 667 2664 in
689 2618 868 2682 genereest,
896 2626 977 2682 quam
999 2608 1113 2665 aliorum

93 2706 214 2764 tarditati
237 2706 449 2770 consulendum
473 2683 546 2761 inulla
569 2716 611 2763 est
632 2706 794 2763 obtinendae
817 2724 890 2763 ame
906 2709 975 2764 ratio
989 2717 1115 2781 praeter·

92 2806 177 2861 missa
199 2803 348 2859 brevitatis.
371 2803 408 2858 Ea
430 2784 497 2858 vero'
512 2803 567 2858 visa
583 2811 625 2859 est
639 2805 769 2878 imprimis
785 2805 927 2870 eiusmodi,
950 2814 981 2861 nt
996 2805 1113 2860 diversas

96 2919 129 2957 ex
151 2910 276 2957 veterum·
297 2899 488 2973 exemplarium
505 2902 713 2973 comparatione,
738 2911 784 2958 aut
800 2919 832 2959 ex
847 2902 1002 2958 coniectura
1017 2902 1114 2956 lectio-

90 3017 142 3055 nes
173 2998 205 3053 ad
229 3014 302 3052 oram
326 3006 469 3052 contextus
492 2995 687 3053 adscriberem:
721 3008 778 3054 tum
807 3008 837 3054 ut
858 2999 957 3054 leviora
979 3012 1112 3072 quaeque,

91 3113 124 3152 ac
140 3094 268 3158 faciliora,
286 3094 327 3149 vel
343 3094 483 3150 commode
499 3093 531 3149 ab
547 3094 605 3149 aliis
621 3093 758 3167 explicata,
775 3112 809 3150 ne
820 3096 979 3168 attingerem
993 3094 1112 3157 omnino,

90 3202 140 3249 aut
164 3191 278 3264 carptim
301 3189 473 3264 breviterque
496 3191 717 3264 perstringerem.
741 3191 920 3260 Quamobrem
937 3200 1010 3247 certa
1025 3190 1114 3263 potis-

92 3291 194 3346 simum
216 3298 375 3360 argumenta
398 3287 561 3360 delegimus,
585 3288 611 3343 in
635 3287 733 3361 quibus
756 3287 924 3344 elaborandis
946 3296 1028 3362 atque
1049 3287 1114 3342 illu-

94 3385 215 3443 strandis
231 3384 385 3458 plusculum
399 3401 498 3458 operae
512 3385 755 3460 disputationisque
769 3395 959 3458 consumptum
972 3394 1027 3452 est;
1044 3399 1113 3460 quae

91 3484 222 3539 nimirum
247 3482 307 3537 talia
332 3499 392 3537 esse
415 3482 626 3546 consideremus,
650 3490 681 3538 ut
702 3482 734 3536 ad
757 3497 851 3536 eorum
873 3483 1042 3538 minuendam
1062 3484 1115 3539 ob-

88 3581 253 3637 scuritatem
277 3578 400 3634 nonnihil
424 3595 504 3652 opera
529 3587 621 3635 nostra
643 3588 737 3651 posset
758 3578 895 3634 accedere.
924 3580 1023 3637 lluerat
1042 3584 1114 3656 jam-

921 3680 932 3728 1
943 3678 958 3710 ’lt
