2534 4154
110 310 148 372 16
488 346 493 351 -
562 322 673 373 rursus

108 470 197 551 ilicis
219 468 272 534 τὸν
294 466 415 550 αὐχένα.
449 475 565 533 Victima
585 479 651 550 ipsc
670 477 841 550 primoribus
864 477 985 548 altipeta
1004 477 1123 548 pedibas

106 563 223 619 sistitur.
256 560 340 616 Caius
364 576 383 615 α
406 567 481 632 tergo
503 570 583 618 staats
598 563 784 636 sacrificatas,
805 561 882 632 sortis
898 567 1050 617 cetrarium
1066 568 1125 617 tro·

106 648 174 703 hers
193 648 330 720 pecudem
347 647 511 719 prosternit.
542 646 611 705 Mod
633 663 668 702 eo
691 648 806 702 sedeate
821 645 912 700 Deum
932 646 1013 702 άὶιαα
1032 648 1125 702 rotai-

105 732 338 796 oetimiroocnt,
361 731 406 786 coi
427 733 613 803 corroserit.
642 731 713 788 Inde
735 731 954 803 taqceccottom
968 731 1124 788 circundat.

106 815 178 872 Haeo
200 815 280 872 rerba
302 809 425 882 σπάσας
445 810 502 890 τὴν
523 808 620 916 άρχὴν
641 818 696 873 rod
717 808 856 892 στρόφου
879 815 1040 871 Laurentius
1058 833 1126 889 per-

106 916 199 975 peram
221 901 315 957 vertit.
339 906 434 956 amota
454 901 591 974 imprimis
612 902 715 972 insola.
746 901 799 957 lsta
821 916 885 956 vero
906 892 1019 976 περιὼν
1034 893 1125 973 ἔβαλε

107 978 161 1042 τὸν
190 976 302 1059 αὐχένα
331 986 426 1042 vitiosa
448 994 521 1043 sunt.
567 985 660 1042 Scribe
681 980 750 1060 napi
774 969 817 1041 ὧν
838 978 929 1056 ’ἔβαλε
952 1002 1002 1075 pro
1024 978 1126 1085 περιά-

107 1068 199 1143 βαλε,
223 1070 297 1143 quod
318 1070 438 1127 lonicum
461 1079 512 1128 est.
544 1072 587 1127 Sic
609 1069 672 1126 alibi
687 1061 753 1126 κατ’
770 1053 814 1126 ὧν
828 1052 988 1142 irritandi,
1003 1079 1031 1126 et
1047 1060 1126 1127 κατά

106 1172 145 1228 με
168 1146 356 1230 ἐφάρμαξας.
400 1155 449 1210 lle
461 1156 575 1213 Acinace
597 1155 656 1212 vide
678 1153 886 1212 Alexandrinum
909 1154 1105 1211 Clementem
1099 1172 1126 1210 ιιι

107 1239 286 1338 Protreptico,
310 1240 485 1297 Lucianum
479 1258 506 1296 ιιι
529 1240 633 1296 Tonari.

191 1304 282 1392 stoc
305 1319 341 1382 τὸ
362 1319 448 1401 γένος
468 1315 630 1400 κατάγεται
655 1322 801 1400 Φρυγῶν]
825 1325 846 1379 A
869 1323 1018 1381 Thracibus
1042 1324 1127 1397 origi·

107 1424 169 1466 nem
192 1420 298 1466 traxere
320 1409 451 1505 Phryges.
496 1408 634 1476 Dardanus
657 1417 732 1466 certe
752 1409 869 1482 primum
891 1409 919 1464 in
942 1409 1127 1466 Samothracia

108 1495 245 1551 consedit:
267 1494 369 1550 uude
360 1511 390 1550 m
405 1493 547 1566 Phrygiam
570 1494 684 1550 traiecit.
715 1493 769 1550 Sed
786 1502 814 1550 et
828 1510 844 1550 a
858 1492 966 1558 Moesis,
988 1493 1031 1549 vel
1045 1493 1135 1567 Mysis·

107 1579 240 1652 Europcis
262 1579 352 1652 Mysos
371 1578 504 1634 Asiaticos
526 1587 690 1678 propagatos
713 1585 847 1634 asserunt.
875 1578 980 1634 Diserte
996 1577 1128 1651 idipsum

109 1663 206 1720 Strabo
229 1664 246 1718 l.
270 1667 303 1720 to
333 1657 383 1718 καὶ
412 1653 468 1717 οὐκ
495 1652 619 1730 ἀπεικός
639 1680 687 1738 pe,
717 1653 819 1762 ὥσπερ
843 1653 930 1719 αὐτοὶ
953 1655 981 1718 oi
1007 1653 1129 1739 Φρύγες

112 1743 245 1826 Θρακῶν
267 1736 436 1802 r’r'notuol²
410 1763 482 1817 εισι,
506 1735 587 1804 οὕτω
610 1765 659 1803 και
653 1740 754 1804 rd‘
743 1739 810 1825 capel
831 1742 949 1804 ἐκεῖθεν
968 1741 1128 1822 μετενηνέ-

104 1830 195 1904 χθαι.
260 1879 262 1882 a

194 1917 211 1972 8
228 1914 253 1969 d
283 1908 457 1993 μετηνέχθη
481 1909 514 1972 δὲ
531 1917 631 1972 ταῦτα
646 1911 687 1983 εις
694 1905 855 1991 Ἕλληνας]
880 1915 1002 1972 Euseb'
995 1934 1021 1971 m
1039 1916 1129 1972 Chro-

108 1999 168 2054 nico
198 2000 228 2053 A.
253 2001 324 2056 464.
368 1999 479 2056 Primos
510 2000 628 2074 Cecrops
657 2003 754 2058 docem
780 2002 928 2058 immolare
954 2001 1048 2056 locem
1075 2019 1127 2075 cp·

106 2082 242 2181 pellecta

194 2162 244 2240 roi
272 2151 310 2244 ἦν
336 2162 393 2242 μὲν
417 2162 496 2226 κατὰ
517 2171 629 2226 τοῦτον
650 2162 703 2227 τὸν
724 2161 843 2246 καιρόν]
872 2169 1034 2226 Abraamum
1057 2188 1127 2228 auno

109 2252 169 2309 Nini
198 2235 240 2311 43
267 2261 359 2311 uatum
383 2272 443 2310 esse
467 2255 587 2312 docuit
580 2273 608 2321 in
631 2255 771 2312 Chronicis
793 2255 942 2319 Eusebius,
972 2255 1053 2328 idque
1074 2272 1129 2329 po·

111 2338 190 2394 steris
219 2339 344 2397 omuibus
371 2341 514 2413 persuasit
558 2339 645 2396 Nam
646 2359 726 2397 nemo
749 2349 791 2398 est
812 2349 934 2397 veterum
956 2351 1019 2413 post
1040 2340 1129 2396 Euse-

110 2423 199 2487 bium,
230 2425 276 2498 qui
298 2440 353 2480 non
375 2442 425 2498 pro
448 2434 524 2482 certo
546 2425 573 2482 id
595 2425 734 2490 hahuerit,
761 2443 792 2482 ac
813 2435 942 2520 tanquam
965 2415 1130 2481 άναπάδει-

111 2525 183 2562 κτσν
210 2499 308 2585 ἀρχὴν
330 2509 528 2585 chronologiae
555 2528 620 2567 suae
642 2511 804 2584 praefixerit.
849 2511 931 2568 Sed
924 2528 952 2566 m
974 2509 1128 2583 digerendis

110 2592 290 2684 Assyriorum,
314 2611 345 2650 ac
366 2594 506 2651 Medorum
528 2596 674 2652 intervallis
697 2597 779 2653 variat
801 2595 943 2652 Eusebius.
981 2595 1009 2650 ln
1031 2603 1131 2669 poste·

112 2674 183 2730 riore
206 2677 400 2734 chronicorum
423 2679 519 2745 Libro,
543 2681 589 2754 qui
610 2697 696 2736 annos
719 2697 851 2754 expansos
873 2679 1071 2752 complectitur,
1094 2677 1129 2738 ab

112 2767 174 2814 ortu
196 2759 329 2826 Abraami,
353 2771 433 2836 qttem
456 2764 512 2819 vult
535 2782 595 2820 esse
617 2765 677 2820 Nini
697 2768 747 2829 43,
770 2764 804 2819 ad
819 2764 991 2836 Sardanapali
1013 2776 1130 2821 mortem

111 2843 174 2922 puni
195 2852 260 2899 sunt
283 2847 353 2902 696.
383 2847 485 2902 Additis
508 2848 568 2903 Nini
591 2851 640 2910 42,
664 2850 711 2922 qui
733 2847 856 2903 Abraami
877 2848 993 2903 natalem
1016 2858 1130 2906 antece-

112 2928 188 2993 dunt,
212 2936 240 2984 et
260 2928 316 2985 Beli
339 2933 377 2987 65
401 2930 482 2999 (Alibi
499 2934 537 2989 55
559 2932 630 2988 idem
646 2934 745 2989 author
759 2937 904 2999 numerat),
928 2932 1050 2988 confiunt
1065 2936 1131 2992 anni

114 3015 173 3072 803
202 3013 301 3087 quihus
328 3015 500 3089 Assyriorum
529 3016 682 3073 Monarchia
715 3017 811 3073 tenuit.
856 3016 1014 3088 Sequuntur
1042 3017 1129 3075 Medi:

113 3098 210 3171 quibus
239 3117 324 3156 anuos
352 3099 467 3174 imputat
491 3103 561 3159 260.
605 3102 698 3176 ltaque
722 3102 781 3175 (lyri
804 3118 835 3158 ac
856 3101 1000 3157 Persarum
1022 3103 1128 3160 initium

112 3184 190 3257 ponit
222 3201 335 3242 numero
364 3188 435 3244 957.
480 3186 528 3244 Hic
557 3186 676 3260 Scaliger
707 3184 811 3242 nullum
843 3187 992 3243 insectandi
1020 3188 1155 3250 Eusehil.

113 3268 194 3325 linem
216 3270 287 3336 lacit,
311 3271 390 3346 cique
412 3289 481 3345 pene
505 3270 630 3328 omnibus
653 3272 756 3345 paginis
779 3272 929 3328 insolenter
950 3272 1045 3329 illudit.
1075 3277 1130 3339 Ac-

114 3355 259 3411 cusationis
283 3367 364 3429 caput
385 3365 435 3422 est,
459 3357 532 3429 quod
553 3357 724 3431 Assyriorum
746 3357 834 3430 Reges
856 3357 959 3430 aliquot
980 3360 1131 3431 praeterie-

113 3438 157 3503 rit,
181 3449 209 3496 et
230 3440 264 3498 de
286 3442 362 3498 aunis
384 3442 492 3499 illorttm
515 3442 671 3499 detraxerit.
703 3442 768 3498 (lum
792 3443 863 3499 enim
885 3461 918 3499 er
935 3444 1058 3499 Africano
1076 3445 1130 3500 lle-

114 3542 177 3597 gum
200 3525 308 3582 illorum
330 3528 436 3594 seriem,
460 3536 487 3583 et
507 3545 591 3584 annos
614 3528 828 3602 uniuscuiusque
851 3529 1033 3600 descripserit,
1059 3529 1131 3602 apud

114 3609 267 3666 Africanum
289 3629 353 3669 vero
369 3613 456 3687 Reges
479 3616 722 3693 numerenturxlh
747 3614 895 3688 iisdemque
911 3612 984 3669 mille
1000 3613 1132 3687 quadrin-
