2534 4154
370 1078 611 1160 oroursri
647 1104 863 1159 ruravrr

598 1274 631 1312 ΑΙ)

109 1403 438 1486 ctlflotlcdtt
465 1403 528 1483 ET
551 1402 817 1486 ClNlllllUll
843 1401 1123 1485 LECTOREM

423 1607 807 1669 PRAEFATIO.

515 1811 718 1820 -—.—-—--

193 1980 259 2035 Cum
282 1979 397 2036 assiduis
420 1980 587 2035 eruditorum
610 1997 640 2036 ae
663 1980 925 2054 piorumhominum
941 1978 1058 2052 querelis
1074 1979 1127 2035 lla-

107 2065 186 2139 gitari
207 2062 361 2121 iamdudum
385 2066 563 2139 Epiplranium
586 2075 710 2121 uestrum
733 2065 894 2138 intelligam,
926 2063 1125 2137 aquiliusdam

17 2178 20 2187 ·
108 2151 187 2207 etiam
210 2151 362 2207 tarditatem
385 2150 506 2206 accusari
528 2167 624 2215 meam,
648 2151 721 2224 quod
736 2152 813 2206 cuius
830 2150 954 2206 editionis
970 2166 1046 2222 spem
1061 2158 1125 2204 ante

107 2237 261 2310 complures
291 2254 375 2292 annos
399 2235 577 2301 ostenderim,
609 2253 639 2290 ea
662 2233 782 2291 nondum
805 2236 832 2290 in
854 2235 943 2290 lucem
965 2244 1019 2290 tam
1041 2235 1125 2306 longo

106 2323 246 2378 intervallo
269 2322 413 2395 prodierit;
444 2321 573 2376 nonnulla
595 2329 687 2376 nostra
711 2320 883 2376 excusatione
907 2320 1068 2375 muniendus
1092 2319 1126 2374 ad

107 2409 269 2481 aequitatem
291 2417 365 2464 tuam
388 2408 475 2462 aditus
497 2406 611 2462 videtur.
642 2404 701 2461 Erit‘
721 2406 764 2461 illa
787 2405 1009 2478 compensandis,
1034 2404 1055 2459 si
1072 2405 1126 2460 hoc

107 2508 167 2547 eum
191 2494 278 2548 animo
301 2503 348 2548 tuo
371 2492 512 2547 aestimare
535 2491 661 2555 volueris,
685 2500 815 2563 quantum
838 2491 929 2554 adid,
953 2488 1024 2562 quod
1048 2488 1125 2544 initio

106 2576 288 2647 praevideram
311 2586 338 2632 et
360 2577 401 2631 ad·
415 2578 487 2648 quod
510 2586 619 2648 paratus
642 2593 777 2640 veneram,
801 2575 880 2647 pensi
902 2592 932 2629 ac
954 2573 1055 2629 laboris
1078 2590 1126 2629 ac·

107 2660 228 2714 cesserit.
258 2661 324 2714 Nam
346 2677 407 2714 eum
429 2660 545 2732 primurn
568 2659 633 2716 illud
655 2677 725 2732 opus
749 2661 896 2715 amicorum
918 2668 1016 2730 rogatu
1032 2667 1059 2712 et
1075 2675 1124 2713 eo-

105 2759 175 2807 rum,
199 2742 245 2815 qui
267 2744 431 2798 authoritate
452 2753 578 2814 poterant
600 2743 670 2814 apud
693 2761 736 2798 me
759 2743 926 2815 plurimum,
944 2742 1054 2796 hortatu
1078 2761 1126 2798 re-

106 2827 180 2898 cepi,
211 2843 295 2880 unum
324 2826 391 2881 illud
419 2826 590 2898 designaham
614 2827 718 2891 animo,
749 2836 828 2883 utet
851 2826 959 2880 Graecis
982 2825 1127 2896 diligenter

107 2911 254 2967 emendatis
281 2920 308 2966 et
329 2911 420 2966 Latina
445 2910 565 2966 (lornarii
587 2911 812 2983 interpretatione
835 2910 978 2982 castigata,
1009 2922 1127 2966 annota-

106 3014 163 3052 rem
187 3012 216 3052 ea
239 2995 364 3059 breviter,
390 2994 487 3068 quibus
510 2995 543 3050 ad
563 2995 693 3050 authoris
716 3003 835 3050 mentem
857 2994 1052 3066 assequendam
1077 2997 1127 3052 ad·

106 3083 188 3138 iuvari
211 3099 265 3137 non
288 3080 403 3153 imperiti
426 3080 542 3135 hominis
564 3080 695 3136 industria
719 3087 821 3153 posset.
863 3080 896 3134 Ut
919 3089 1008 3134 autem
1031 3081 1125 3136 Latine

105 3169 301 3240 interpretarer
322 3167 389 3238 ipse,
413 3183 502 3239 neque
526 3166 720 3221 constitueram
739 3165 872 3238 equidem,
896 3182 985 3238 neque
1001 3165 1058 3220 lore
1074 3185 1126 3221 ne-

106 3253 255 3308 cessarium
284 3249 442 3306 arbitrabar.
487 3250 542 3306 Hac
571 3268 621 3324 ego
652 3258 700 3323 ¹spe
729 3250 939 3325 conditioneque
968 3269 1028 3306 cum
1053 3251 1124 3306 ultro

107 3338 184 3392 oneri
205 3338 243 3392 illi
265 3336 467 3400 successissem,
490 3352 606 3410 cumque
621 3335 693 3391 istud
711 3344 737 3390 et
752 3335 897 3390 amicorum
915 3337 1123 3409 praedieatione,

56 3486 59 3490 ,
107 3431 134 3476 et
157 3439 215 3477 mea
239 3439 348 3496 quoque
371 3421 577 3476 denunciatione
599 3429 734 3476 manasset
756 3420 872 3494 longius,
896 3439 974 3493 quarn
1000 3430 1029 3475 ut
1052 3421 1125 3475 radi-

107 3507 228 3561 monium
252 3508 367 3562 honeste
389 3524 497 3579 possem
520 3507 662 3571 deserere,
686 3523 748 3560 mox
770 3505 817 3561 unt
840 3507 949 3562 tractari
971 3515 1065 3577 coepta
1081 3525 1125 3560 res

109 3599 159 3655 est,
183 3591 244 3665 plus
260 3592 287 3645 in
303 3609 334 3647 ea
349 3591 460 3664 negotii,
483 3608 563 3664 quam
579 3591 644 3647 milri
658 3589 814 3665 pollicebar,
832 3609 892 3649 esse
908 3593 988 3646 situm
1005 3591 1126 3645 animad-
