2534 4154
143 297 182 360 78
407 290 408 294 ’
595 306 710 357 rnrivu

143 465 236 522 obrem
266 482 320 520 non
349 462 498 519 secundum
527 451 744 539 ἀκριβολογίαν
771 471 798 518 et
822 457 1011 540 κυριολεξιάν
1032 461 1164 519 Hebraico

142 568 191 606 vox
213 541 396 625 θεραπεύειν
417 558 510 612 sonat,
541 548 588 603 scd
609 545 856 622 μεταληπττκῶς,
879 558 910 605 ut
933 557 960 604 et
981 549 1087 612 lesum,
1116 548 1163 621 qui

141 634 251 709 proprie
278 635 406 688 salvator
434 641 489 696 est,
518 633 653 688 medicum
681 649 712 688 ao
734 641 892 688 curatorem
913 650 968 688 non
990 633 1163 688 incommode

141 719 314 792 interpretari
336 717 424 773 liceat.
453 717 519 790 Ipse
542 719 614 772 enim
635 719 745 772 solcum
765 719 852 789 societ
869 719 1008 790 populum
1028 735 1046 773 o
1058 734 1163 789 pecco·

142 806 176 860 tis
200 820 304 869 eoram,
329 803 365 858 ait
386 802 515 875 Angelus
539 804 604 858 Luc.
622 804 649 858 2.
696 803 774 871 Quod
796 803 1023 877 quemadmodum
1045 803 1164 875 praesti-

142 889 213 953 terit,
237 888 355 944 declarat
377 888 474 944 Petrus
496 889 614 944 honlo.
647 886 704 956 Qut
721 889 891 959 pertransiit
913 889 1114 959 benefaciendo
1138 893 1165 942 et

141 975 289 1030 liberando
313 990 406 1028 omncs
430 988 578 1044 oppressos
601 990 619 1028 o
641 972 776 1028 Diabolm
804 973 878 1029 Adde
901 973 952 1028 iam
977 973 1108 1028 Graecum
1132 988 1165 1027 ex

142 1059 295 1134 propinquo
324 1057 499 1122 vocabulum,
530 1058 604 1132 quod
632 1055 664 1113 ab
688 1057 811 1114 Hebraeo
840 1066 866 1113 et
888 1057 1113 1131 pronunciatione
1137 1065 1165 1113 et

142 1160 205 1199 vero
236 1151 371 1215 potestate
400 1159 455 1198 non
483 1142 627 1198 admodum
656 1142 835 1198 abhorrebat:
866 1142 938 1198 uude
968 1142 1084 1197 nominis
1113 1143 1166 1197 ista

143 1228 246 1284 notatio
269 1228 378 1300 prodiit.
359 1228 508 1284 tlladem
531 1244 614 1328 porro
631 1226 759 1301 leguntur
774 1228 846 1300 apud
862 1227 989 1301 Cyrillnm
1006 1227 1113 1282 Cateah.
1130 1229 1163 1283 6:

142 1303 269 1386 Ἰησοῦς,
292 1314 389 1386 inquit,
412 1307 515 1369 τοίνυν
530 1331 592 1368 εστι
609 1304 687 1368 κατὰ
701 1331 758 1384 μεν
768 1305 881 1389 Εβραί
880 1330 933 1379 ους
947 1305 1061 1408 σωτὴρ,
1085 1305 1167 1368 κατὰ

144 1391 177 1452 de
206 1389 261 1470 τὴν
279 1388 414 1453 Ελλάδα
440 1395 584 1472 γλῶσσαν
612 1390 646 1452 τὸ
677 1390 819 1470 ἰώμενος·
848 1389 985 1471 enerddp'
966 1388 1079 1497 carpta
1102 1392 1166 1452 ἐστι

142 1484 254 1577 ψυχῶν
282 1477 331 1538 καὶ
366 1474 519 1554 στομάτων
547 1476 596 1536 καὶ
629 1475 824 1558 θεραπευτής
854 1472 1045 1555 πνευμάτων.
1091 1481 1170 1549 Quae

144 1568 232 1624 omnia
255 1568 368 1623 comiter
391 1566 545 1640 accipienda
568 1575 640 1632 sunt,
664 1584 719 1622 non
742 1578 773 1624 ut
795 1568 827 1623 ab
851 1558 1004 1623 ῗάσασθαι
1019 1567 1169 1622 deductum

142 1655 198 1709 τοῦ
219 1643 319 1725 Ἰησοῦ
341 1651 502 1708 vocabulum
525 1652 639 1725 dixerint
654 1651 759 1717 PatreS,
784 1653 831 1708 sed
854 1660 885 1708 ut
907 1653 1019 1708 notione
1034 1668 1064 1707 ac
1080 1651 1172 1724 signi·

144 1737 269 1794 irratione
294 1738 424 1793 Graecum
447 1754 546 1793 nornen
570 1754 631 1792 cum
654 1736 777 1793 Hebraeo
800 1738 944 1794 convenire
967 1737 1168 1792 demonstrent

236 1821 333 1878 121111.
365 1811 551 1898 etpotgt’
539 1841 587 1892 αν,
610 1807 634 1877 ὦ
658 1812 814 1897 φιλολόγε]
849 1823 916 1878 Hinc
938 1822 998 1877 illae
1020 1822 1167 1894 lacrymae.

146 1906 260 1979 Scripsit
281 1906 358 1962 Philo
382 1905 495 1963 Iudaeus
525 1907 558 1962 de
581 1906 702 1971 EssaoiS,
732 1907 773 1962 vel
801 1907 911 1963 Essenis
939 1906 1023 1962 libros
1052 1906 1169 1978 aliquot

146 1991 266 2059 Quorum
295 2008 366 2046 unus
395 1990 567 2056 inscribitur,
596 1987 664 2068 περὶ
693 1993 749 2047 τοῦ
776 1983 877 2048 πάντα
899 1981 1119 2048 σπουδαῖον
1091 2008 1167 2046 atron

145 2068 322 2170 enelamur,
361 2076 429 2131 alius
452 2070 519 2152 περὶ
542 2069 613 2148 βιου
635 2071 878 2152 θεωρητικοῦ,
860 2097 879 2151 η
898 2067 1057 2133 lrermr’
1039 2075 1166 2153 πρετῶν.

144 2161 211 2216 ln
205 2160 237 2215 ris
267 2161 320 2217 duo
343 2161 508 2216 Essenorum
531 2177 632 2233 genera
660 2161 817 2227 constituit,
847 2179 931 2217 uuum
954 2181 1015 2218 των
1035 2179 1168 2237 πρακτι-

145 2246 222 2316 κῶν,
252 2246 298 2319 qui
320 2246 346 2301 in
370 2245 475 2319 oppidis
499 2245 624 2301 socialem
647 2246 727 2300 vitam
749 2246 910 2312 instituunt,
939 2246 1095 2320 nuptiarum
1118 2263 1168 2302 ex-

144 2340 251 2404 pertes,
283 2331 397 2387 alterum
426 2329 489 2386 τῶν
516 2328 730 2407 θεωρητικῶν,
767 2332 812 2405 qui
842 2331 1063 2405 contemplationi
1092 2340 1168 2388 totos

146 2434 206 2472 sese
230 2417 396 2473 tradiderant
418 2433 448 2472 ac
470 2417 568 2489 procul
589 2414 622 2470 ab
640 2416 744 2472 urbano
761 2417 876 2490 strepitu
891 2417 918 2472 in
934 2417 1014 2489 agris,
1038 2433 1070 2472 ao
1085 2429 1172 2489 prae-

146 2501 238 2556 sertim
262 2502 294 2556 ad
310 2501 493 2567 Mareotidem,
518 2501 544 2557 in
567 2496 715 2574 σεμνείοις
738 2510 764 2558 et
785 2496 1003 2576 μοναστηριόις
1024 2503 1166 2575 degerent.

145 2586 303 2641 Postremos
315 2586 393 2643 »istos
415 2585 549 2644 Eusebius
573 2586 739 2642 Christianos
762 2586 845 2643 luisse
868 2587 980 2643 credidit
995 2587 1063 2642 Hist.
1078 2587 1168 2652 211,

146 2670 295 2742 eademque
318 2670 474 2743 Hieronymi
497 2671 722 2744 caeterorumque
744 2672 855 2727 Patrum
878 2673 969 2744 opinio
992 2671 1051 2736 fuit,
1084 2689 1166 2744 quarn

105 2759 134 2807 54
145 2753 312 2825 Epiphanius
341 2763 452 2810 secutus
480 2763 532 2810 est.
578 2755 631 2810 Sed
657 2757 710 2812 hoc
739 2772 823 2811 uuum
852 2757 924 2812 addit
946 2774 978 2812 eu
1000 2757 1167 2823 coniectura,

145 2838 268 2893 lessaeos
291 2837 351 2894 illos
373 2838 406 2894 ab
430 2838 519 2895 lassae
537 2838 641 2894 havidis
664 2848 741 2912 patre
764 2841 925 2896 nominatos.
957 2841 1034 2910 Quod
1057 2850 1171 2914 postre-

146 2939 219 2978 mum
244 2922 332 2978 minus
355 2922 499 2979 verisimile
518 2933 594 2996 puto.
625 2923 719 2996 Neque
736 2924 815 2990 enim,
840 2925 945 2998 opinor,
969 2943 1084 2998 nsquam
1099 2926 1173 3000 legi-

145 3018 200 3073 tur,
223 3007 392 3063 lessaeornm
414 3024 514 3064 nornen
539 3008 697 3064 Christianis
719 3009 889 3074 attributum,
914 3020 941 3066 et
958 3010 1073 3067 Essaeos
1095 3011 1169 3076 illos,

145 3110 201 3150 non
224 3094 345 3149 lessaeos
368 3093 512 3149 aPhilone
536 3093 684 3166 appellatos
708 3111 768 3149 esse
791 3102 906 3150 constat.
938 3096 1007 3151 Sane
1022 3096 1053 3171 'si
1068 3095 1169 3151 lessaei

146 3195 266 3252 unquam
291 3178 434 3235 Christiani
460 3178 547 3236 vocati
576 3187 655 3243 sunt,
686 3179 801 3235 multum
832 3179 857 3234 id
880 3180 913 3235 ad
934 3189 1072 3253 receptam
1093 3180 1167 3236 illam

146 3280 176 3319 ac
200 3272 319 3320 veterem
341 3264 497 3337 opinionem
519 3264 723 3319 asseverandam
739 3264 826 3329 faciet,
851 3282 919 3339 quae
933 3266 1096 3322 Essaeorum
1114 3282 1173 3321 no·

146 3348 218 3404 mine
243 3348 409 3405 Christianos
433 3366 448 3404 a
470 3348 584 3405 Philone
607 3349 820 3422 comprehensos
842 3351 946 3407 statuit.
984 3353 1022 3407 ho
1043 3351 1169 3423 prolecto

146 3431 205 3486 fieri
227 3433 300 3489 istud
322 3434 421 3507 potuit,
444 3442 475 3490 ut
497 3450 558 3489 oum
580 3444 643 3490 ante
659 3433 827 3490 Christianae
849 3436 986 3510 religionis
1009 3444 1098 3492 ortum
1115 3436 1169 3491 Es·

111 3553 113 3558 ,
147 3516 206 3570 seni
235 3517 276 3573 his
305 3518 443 3585 moribuS,
474 3535 562 3591 eoque
583 3519 652 3575 vitae
669 3519 809 3586 instituto,
839 3521 911 3595 quod
933 3521 961 3576 111
983 3521 1074 3594 priore
1097 3520 1168 3577 libro

55 3677 62 3693 θ
147 3599 225 3655 Philo
255 3603 407 3678 praedicat,
436 3604 464 3659 in
486 3606 609 3678 Aegypto
634 3603 778 3672 florerent,
807 3614 889 3679 atque
910 3605 982 3663 inter
1003 3606 1117 3663 ludaeos
1139 3613 1172 3663 ot
