2534 4154
160 306 227 368 nib
622 320 811 369 rsrxx‘.n.1.t..·z

165 474 274 532 Graecis
296 474 377 546 vulgo
399 467 633 547 lucentissime
654 473 813 548 appellatur.
849 473 903 530 Sed
926 475 992 531 haec
1013 475 1097 547 longo
1120 475 1187 550 lipi-

164 561 256 633 pbanii
279 558 446 631 temporibus
470 560 620 615 recentiora
643 561 758 615 fortasse
775 576 829 615 nou
845 569 1009 632 congruunt.
1042 560 1187 628 Quaeso.

161 644 228 699 dum
250 644 333 717 igitur
354 641 478 716 amplius.
1093 683 1096 687 ·
1161 694 1166 701 .

249 729 303 802 τῆς
323 747 355 784 τε
376 729 440 784 τῶν
461 721 620 800 Σκόπτων]
666 729 724 784 Non
747 729 833 793 mole,
862 738 893 783 ut
915 728 1031 801 opinor,·
1057 722 1193 787 Esdram

164 832 213 888 pro
226 804 373 869 Σκόπτων
394 814 576 886 reposuimus.
606 813 679 870 Scoti
701 814 733 868 ab
756 813 880 886 Hispanis
903 822 1001 869 ortum}
1016 813 1184 871 habuerunt.

163 902 197 955 dt
220 899 314 954 Franci
336 898 477 970 Epiphauii
505 908 628 971 tempore
657 916 744 972 prope
766 898 890 953 Rhenum
918 897 989 953 circa
1005 898 1130 954 -Frisiam
1150 907 1185 957 -ct

163 983 294 1039 bataviam
319 982 484 1038 babitabant.
1166 1026 1173 1035 ..

169 1087 170 1091 ’
250 1071 310 1125 704
321 1068 351 1122 d.
366 1112 369 1118 .
382 1062 432 1122 καὶ
455 1060 527 1122 καθ’
545 1057 675 1141 ἑκάστην
695 1059 824 1143 ἡμέραν]
856 1066 923 1122 lllud
945 1058 1018 1132 ἴσως
1032 1083 1088 1122 uon
1105 1060 1185 1123 duo-

73 1171 78 1181 ’
164 1152 294 1230 perennis
315 1153 384 1207 sunni
406 1161 482 1224 puto,
507 1153 553 1208 sed
577 1153 646 1208 idem
670 1169 730 1208 esse
753 1162 834 1224 atque
856 1150 1013 1223 aequaliter.
1045 1151 1126 1219 Quod
1147 1153 1184 1209 sit

164 1229 236 1293 καθ’
251 1228 384 1311 ἑκάστην
402 1229 521 1311 ἡμέραν
542 1236 666 1293 lucernas
683 1238 790 1300 arsisse,
814 1238 847 1292 de
863 1245 952 1299 nocte,
977 1253 1047 1308 quae
1062 1235 1183 1312 ’‘vffill*

161 1316 258 1397 pc'pon
281 1331 415 1395 parsest,
440 1320 550 1376 dubium
574 1331 616 1377 est
638 1322 752 1378 nullum.
783 1321 836 1376 Sed
859 1331 950 1376 utrum
974 1321 1093 1377 interdiu
1112 1339 1186 1394 quo

163 1423 215 1479 qus
237 1407 356 1462 luxerint
377 1422 431 1460 non
455 1407 521 1462 adeo
545 1416 661 1463 constat.
691 1409 811 1480 Lyranus
834 1415 862 1462 et
884 1405 1028 1461 nbulensis
1049 1407 1085 1462 ad
1107 1407 1179 1465 unx

162 1492 228 1565 Reg.
252 1500 335 1547 noctu
366 1492 466 1565 diuque
495 1492 595 1564 pariter
616 1492 715 1547 arsisse
738 1491 878 1554 scribunt,
901 1491 947 1545 sed
971 1500 1055 1546 noctu
1078 1491 1183 1563 plures,

155 1576 195 1632 -de
223 1578 265 1632 die
288 1577 446 1649 pauciores,
477 1576 528 1631 lroc
552 1585 609 1639 est,
640 1586 669 1632 ut
691 1576 824 1649 Iosephus
846 1576 942 1643 asserit
966 1578 1029 1639 3,9
1054 1587 1184 1648 quatuor.

162 1662 283 1730 Quorum
306 1661 397 1734 opinio
420 1661 585 1717 authoritate
608 1661 763 1735 Scripturas
786 1661 890 1717 nititur.
921 1660 948 1715 Si
972 1660 1081 1732 quidem
1099 1661 1182 1719 Exodi

163 1750 248 1809 30‚8
272 1755 325 1800 tani
348 1763 426 1801 nrane
456 1744 582 1818 coxn‘poni
615 1746 741 1802 lucernae
770 1762 850 1819 quarn
872 1744 905 1801 ad
929 1762 1072 1816 vesperum
1095 1746 1185 1805 collo·

162 1830 215 1886 cari
238 1831 374 1884 dicuutur.
422 1830 541 1897 Quando
565 1839 708 1903 componet
730 1833 877 1894 lucernas,
900 1831 1029 1885 incendet
1049 1831 1133 1895 illud,
1155 1839 1183 1889 ct

161 1916 275 1986 mondo
304 1915 454 1970 collocabit
482 1932 530 1970 eos
559 1918 598 1971 cd
626 1933 774 1988 uesperum
796 1923 861 1979 etc,
893 1915 965 1986 quod
989 1914 1103 1987 intelligi
1126 1933 1181 1972 nou

160 2007 267 2071 potest,
291 1999 313 2053 si
336 2015 447 2070 vespere
470 1999 597 2054 duntaxat
620 2001 729 2055 accendi
752 2001 877 2056 lucernas
900 2001 981 2054 ruoris
1005 1999 1096 2055 suerit.
1130 2000 1184 2057 Vo-

159 2101 220 2138 rum
250 2070 345 2139 nootn'
362 2083 490 2138 duntaxat
517 2084 617 2140 luxisse
646 2085 790 2157 perspicue
819 2085 934 2140 docetur
955 2083 1037 2139 llxodi
1062 2085 1111 2149 26,
1131 2087 1180 2151 21,

105 2174 112 2212 ῑ
137 2168 207 2224 -ubi
229 2168 262 2224 de
284 2168 394 2223 lucerna
416 2168 452 2223 ita
474 2169 682 2241 praescribitur:
706 2169 742 2224 nt
765 2171 943 2225 collocabunt
964 2185 1027 2224 eum
1041 2168 1184 2227 durensi

158 2255 212 2328 ptis·
240 2255 314 2317 eins,
342 2261 374 2307 nt
401 2270 487 2325 usqne
513 2270 597 2313 mune
625 2256 719 2309 luceat
747 2271 843 2309 corum
870 2254 1006 2318 Dumium·
1035 2255 1101 2310 LXX
1124 2246 1178 2330 ἀφ’

159 2329 289 2415 ἑσπέρας
317 2332 372 2404 ἕως
399 2336 488 2415 npin'l'.
532 2339 650 2412 ldipsum
677 2340 825 2396 sterili
853 2340 920 2411 Reg.
938 2342 1000 2402 3‚3
1026 2338 1181 2397 deducitur.

158 2423 290 2479 Lucerna
312 2419 365 2478 net
387 2431 536 2496 uretepnum
559 2426 775 2496 ectinpueretnr,
799 2425 900 2497 inquit,
924 2423 1038 2479 Samuel
1060 2426 1184 2487 dormis·—

159 2510 260 2564 botn'n
282 2511 381 2580 templo
404 2508 527 2578 Domini,
549 2511 597 2565 nbi
620 2518 681 2565 orat
703 2508 778 2565 Arca
799 2510 861 2564 Dei.
893 2508 943 2576 Qui
965 2510 1042 2564 locus
1065 2509 1128 2567 olim
1152 2509 1180 2565 is

159 2592 259 2648 Latinis
287 2593 425 2648 codicibus
455 2595 584 2650 mendose
612 2594 754 2667 legebatur
782 2595 833 2649 boc
862 2593 958 2648 modo:
986 2592 1046 2648 Neo
1064 2601 1183 2666 potem

158 2677 254 2732 uidere
276 2679 420 2732 lucernum
440 2679 494 2733 Dei
516 2687 667 2751 unmpncm
689 2681 906 2750 ectinpueretun
929 2678 1056 2735 adversus
1080 2687 1108 2735 et
1123 2679 1182 2735 tte-

157 2759 276 2816 brainam
299 2761 378 2816 clem
398 2771 425 2817 st
441 2763 603 2819 Graecorum
621 2765 880 2837 interpretationem.
913 2762 990 2830 Quod
1006 2763 1099 2819 vitium
1114 2764 1181 2821 olim

159 2845 210 2900 iam
234 2844 415 2901 subodoratus
439 2858 496 2902 erat
510 2849 631 2920 Lyranus
643 2859 682 2904 ·et
703 2849 871 2903 alliamenta
887 2847 1017 2903 Pontifice
1033 2848 1180 2907 norissima

158 2931 320 2987 recensione.
340 2930 475 2986 sublatum
499 2942 549 2987 est.
591 2933 679 3000 Quare
701 2933 800 2988 frustm
824 2931 921 2987 Ribera
943 2932 1177 2995 costodiunt

157 3016 195 3072 ita
217 3015 357 3072 obsoletae
379 3015 441 3070 huic
462 3016 571 3072 lectioni
594 3017 788 3090 patrocinatur,
812 3018 888 3092 quasi
912 3033 923 3074 x
946 3017 1128 3090 copulativam
1150 3019 1178 3079 in

157 3100 282 3157 Hebraeo
310 3100 459 3156 redundet:
488 3101 525 3156 Et
555 3119 612 3158 non
636 3111 750 3175 poterut
777 3103 872 3158 nidere
901 3111 926 3157 et
948 3104 1092 3157 tneerninn
1114 3103 1180 3167 Dei.

157 3186 211 3242 Sed
235 3203 282 3242 eos
298 3185 510 3242 Commentarios
532 3197 596 3242 unte
618 3188 814 3245 correctionem
831 3187 939 3259 scripsit
953 3186 1060 3244 Ribcra.
1090 3187 1178 3245 Hodie

156 3288 221 3328 vero
244 3288 305 3328 cunr
322 3270 450 3327 Hebraeis
477 3280 505 3327 et
520 3272 627 3328 Graecis
648 3274 736 3329 Latini
752 3273 858 3328 codices
875 3271 954 3326 verbu
970 3270 1023 3336 illa,
1047 3272 1180 3339 lucem

158 3355 271 3411 Domini
293 3364 442 3429 antequam
464 3359 682 3428 ammoneretur,
706 3358 783 3414 alteri
806 3357 931 3412 commati
954 3355 1087 3413 tribuunt.
1112 3357 1178 3419 ntes

154 3456 286 3512 ronynrus
315 3441 341 3495 in
365 3441 465 3497 Tradit.
488 3441 571 3497 llebr.
601 3444 673 3499 bunc
701 3444 790 3515 ipsum
819 3440 908 3497 locum
942 3441 1080 3499 declarans
1110 3430 1177 3500 baed

153 3523 266 3580 scribit:
296 3524 379 3592 Quod
396 3544 463 3582 nero
485 3528 543 3582 uit:
566 3538 593 3592 et
613 3536 764 3599 antequem
784 3529 902 3582 lucerna
924 3525 977 3580 Dei
999 3529 1179 3598 eudemum»

154 3615 209 3663 dur·
224 3610 255 3677 in
271 3611 379 3680 'tempto
399 3610 522 3678 Domini,
544 3613 592 3666 ubi
614 3621 676 3667 erat
697 3630 768 3668 arco
788 3611 852 3676 nat,
874 3610 988 3668 &muel
1009 3613 1177 3673 monebat.

304 3712 335 3755 ax
1117 3724 1120 3731 ·
