2534 4154
151 323 202 365 1111
494 322 581 375 1102
597 322 809 373 mammon.

144 470 203 588 την
232 470 369 557 σπάθην
397 472 569 557 γυμνώσας
596 475 740 559 κροῦσαι·
764 475 872 540 θέλων
892 469 1107 559 ’Ἐπιφάνιον,
1138 471 1156 557 η

131 572 202 653 μὲν
222 571 291 655 χείρ
314 568 487 656 ἕκρατηθη,
511 573 709 694 παραγρημα
725 572 760 638 δὲ
774 567 956 687 ἠνειύχθη(
939 595 958 635 ο
972 572 1141 654 κεκλεισμ
1112 596 1157 638 ιε-

28 683 46 695 ’
144 691 199 746 νος
221 664 321 733 αὐτοῦ
343 662 530 787 ὀφθαλμός.
559 671 612 734 καὶ
636 667 791 753 ἔντρομος
799 668 960 786 γεγονὼς,
982 668 1132 753 ῥίψας
1099 695 1157 755 την

146 764 299 850 σπάθην,
327 769 534 849 προσέπεσεν
558 761 740 884 Ἔπιφαηίηι
769 762 869 844 αύτύς
896 768 1009 834 τεκαὶ
1033 766 1066 831 οἱ
1086 791 1147 850 μετ

123 858 259 980 ταύτού,
283 859 368 930 ὥστε
389 859 640 986 λογίζεσθαι)
603 862 720 942 αυτούς
743 863 823 931 θεὸν
845 861 944 931 αὐτὸν
966 859 1058 930 εἶναι.
1103 865 1157 928 καὶ

145 956 353 1046 άρπάσαντες
375 955 474 1027 αύτὸν
496 960 553 1028 ἐπὶ
575 972 780 1048 τριμηνιαῖον
801 961 927 1046 χρόνον,
951 955 1091 1027 πάλιν’
1072 985 1156 1026 απε-

144 1064 344 1144 κατέστησαν
373 1059 419 1137 εἷς
448 1057 489 1126 τά
519 1058 605 1137 ἰ’δια,
633 1057 832 1144 βαρούμενοι
859 1063 898 1145 τῇ
926 1061 992 1125 τῶν
1015 1058 1156 1124 ἐντολῶν

145 1151 245 1225 αὐτοῦ
267 1155 456 1241 προστάξει.

232 1261 363 1322 12-17.
403 1253 556 1331 Πολλούς
585 1243 641 1318 σύν
664 1247 963 1336 δαιμονιῶντας’
926 1263 1018 1320 κακεῖ
1038 1253 1157 1320 ἰάσατο

110 1344 163 1417 ¹⁰6
184 1350 294 1436 κύριος
316 1346 356 1418 δι’
382 1347 542 1418 αύτοῦΠ
528 1352 563 1430 εξ
585 1340 629 1416 ὧν
652 1346 699 1428 εἷς
721 1351 848 1434 δαίμων
872 1346 1061 1436 ἀκάθαρτος
1083 1351 1158 1434 ἐβύ-

143 1473 202 1536 ηοε
231 1451 331 1536 λέγων
361 1439 437 1515 “ὦ’
434 1447 617 1534 Επιφύνιε,
648 1447 704 1515 διὰ
731 1448 896 1516 εἰκοσιδύο
924 1448 1005 1516 ἐτῶν
1028 1447 1158 1526 διώκεις

142 1573 185 1632 με
205 1550 263 1623 τοῦ
286 1546 480 1630 πλάσματος
500 1543 633 1611 τούτου·
657 1545 844 1629 πορεύομαι
866 1546 900 1612 ἓν
924 1548 1077 1630 Περσίδι,
1100 1540 1159 1613 κά-

143 1655 194 1713 κεῖ
216 1644 348 1732 ποιήσω
370 1668 408 1711 οε
426 1643 471 1711 ἐν
483 1642 576 1725 τάχει
596 1641 679 1726 μετὰ
693 1642 799 1710 κύποο
816 1644 954 1711 ἓλθεῖν”.
984 1647 1037 1711 καί
1053 1638 1158 1710 ἀπελ-

143 1742 217 1809 θών
247 1738 264 1808 ὃ
293 1744 420 1824 δαίμων
450 1739 483 1806 ἓν
505 1741 647 1824 Περσίδι
676 1740 837 1827 ἐκολλήθη
853 1744 906 1828 ’τῆ
935 1743 1077 1828 θυγατρὶ
1099 1745 1156 1807 τοῦ

108 1840 305 1925 16βαοιλίως
324 1840 380 1904 καὶ
402 1837 532 1923 ἔπνιγεν
555 1833 654 1925 αὐτὴν
677 1838 802 1923 κράζων
823 1864 864 1905 κα
883 1841 997 1925 λέγων
1021 1840 1098 1907 “ἒάν
1112 1866 1157 1925 μη

143 1936 225 2023 ἔλθῃ
245 1930 449 2021 Ἑπιφάνιος,
473 1929 530 2002 ούκ
552 1934 721 2020 ἐξέρχομαι
744 1936 780 2015 ἐξ
800 1927 927 2023 αύτῆς”.
972 1932 1049 2023 παρ’
1075 1933 1159 2004 αὐτὰ

142 2023 200 2100 ούν
229 2028 430 2111 ἀποστείλας
458 2028 476 2098 ὃ
503 2032 659 2118 βασιλεὺς
680 2037 820 2118 Περσῶν
847 2031 963 2119 ἤγαγεν
984 2033 1044 2101 τὸν
1064 2032 1158 2120 άγιον

139 2124 333 2218 Ἐπιφάνιον
361 2130 394 2198 ἐν
416 2131 567 2216 Περσίδι.
611 2135 664 2196 καί
693 2126 733 2198 δι’
759 2126 852 2218 εὐχῆς
875 2130 992 2197 ἰάσατο
1013 2131 1072 2218 τὴν
1094 2138 1160 2198 θο-

142 2235 262 2315 γατέρα
283 2223 393 2308 αύτού,
417 2224 503 2295 ὥστε
524 2228 581 2295 τὸν
602 2229 742 2314 βασιλέα
758 2231 985 2316 προσκυνῆσαι
998 2228 1056 2296 τὸν
1068 2223 1159 2296 Ἐπι-

105 2326 273 2414 θίφάνιον.
302 2325 384 2396 -ἒκεῖ
405 2325 463 2393 τὸν
484 2325 587 2411 μάγον
611 2325 667 2392 διὰ
688 2324 786 2412 λόγου
808 2325 931 2394 ἄλαλον
952 2332 1157 2415 κατέστησεν,

145 2421 352 2492 ὑπονοοῦντα
380 2425 437 2492 τὸν
465 2421 558 2511 ἅγιον
580 2424 684 2510 μάγον
707 2419 800 2491 εἶναι.
844 2427 898 2492 καὶ
921 2425 1024 2492 πάλιν
1047 2425 1159 2492 ἐ’λυσεν

145 2517 244 2589 αὐτὸν
264 2525 304 2608 τῇ
326 2522 531 2608 παρακλήσει
552 2526 610 2590 τοῦ
631 2525 804 2609 βασιλέως.
848 2523 1017 2591 πολλὰδὲ
1039 2530 1159 2590 νουθε-

143 2618 246 2707 τήσας
267 2613 286 2683 ὁ
306 2615 614 2708 μίγαςἘπιφύνιος
634 2619 692 2686 τὸν
713 2622 854 2704 βασιλέα
863 2625 1004 2704 Περσῶν
1026 2620 1089 2707 ἔφη
1104 2621 1158 2685 καὶ

144 2720 242 2782 τούτο
269 2714 356 2799 πρὸς
384 2713 483 2782 αὐτὸν
511 2716 574 2802 ’μὴ
596 2723 707 2802 χρείαν
730 2719 781 2800 ἐ’χε
801 2721 860 2783 τοῦ
883 2717 1007 2800 κόσμον
1028 2716 1156 2795 τούτου,

107 2827 135 2878 25
144 2815 197 2879 καὶ
226 2815 294 2891 πᾶς
315 2809 333 2878 ὁ
356 2810 478 2897 κόσμος
499 2809 744 2900 δποταγησεταί
766 2838 829 2880 σοι.
875 2818 927 2879 καί
950 2813 993 2901 μὴ
1019 2813 1158 2899 ἒπέρχοο

140 2906 326 2995 Ῥωμαίοις·
350 2910 407 2997 ἐ’ση
428 2909 489 2996 γάρ
511 2914 609 3015 τούτο
630 2915 749 2978 ποιῶν.
781 2910 964 2995 ἕχθραίνων
979 2915 1026 2997 τῷ
1042 2911 1159 2977 εὀταο-

232 3094 259 3148 1.
274 3083 414 3167 σπάθην]
429 3083 585 3171 μάχαιραν
596 3092 623 3148 in
634 3093 691 3148 Vna
703 3111 730 3166 p
739 3094 826 3157 12,16
838 3093 882 3148 hie
894 3092 1007 3149 etmfra
1073 3083 1158 3148 Ἔπι-

145 3170 265 3254 φοίνιον]
282 3171 469 3254 ἐπιφανίωΗ.
478 3177 585 3235 Correxi
597 3195 628 3234 ex
636 3177 784 3251 Vnam,
792 3179 838 3236 18.
918 3178 947 3235 6.
954 3178 1158 3252 τριμηνιαῖον]

145 3263 323 3337 τριμηναΐον
343 3263 372 3318 in
394 3263 450 3319 vita
472 3281 499 3337 p.
514 3266 558 3330 12,
570 3266 617 3328 31,
634 3271 665 3319 ut
680 3265 729 3329 26,
740 3265 775 3320 31
801 3272 830 3319 εί
849 3253 1034 3337 ἕξαμηναίοο
1052 3265 1157 3328 13,12

146 3345 220 3414 Quae
229 3348 343 3404 correxi.
358 3348 440 3406 Recta
451 3348 605 3405 huiusmodi
617 3348 809 3404 adiectivorum
818 3349 953 3422 scriptura
964 3358 1068 3406 servata
1077 3349 1158 3404 εῑίται

146 3430 247 3487 invita
269 3434 318 3497 59,
331 3435 380 3491 26.
398 3435 487 3499 62,.9
572 3437 600 3492 9.
624 3428 858 3534 δαιμονιῶντας]
881 3434 976 3490 aanor
989 3433 1158 3490 vertutum

146 3530 226 3588 quam
248 3510 466 3595 δαιμονῶντας.
555 3521 602 3576 11.
626 3509 775 3592 διώκειςγ
776 3536 800 3574 ιε
823 3509 1158 3592 τοῦπλύσματοςτού-
1208 3531 1211 3536 ·

146 3599 213 3672 τοο]
244 3599 273 3655 ln
296 3602 353 3658 Vita
375 3622 402 3676 p.
416 3606 461 3669 11,
480 3596 638 3670 ὅδιώκεις
657 3621 695 3678 με
719 3594 780 3661 ἀπὸ
802 3605 857 3662 τοῦ
879 3597 973 3662 τύπον
995 3620 1067 3678 μου.
1140 3668 1143 3673 ,
