2534 4154
462 330 777 386 terracinensium.
984 304 986 309 ’
1078 336 1127 381 mr

117 485 218 542 Gelasio
233 484 296 541 abbi
310 485 378 541 nibil
392 484 522 558 legimus;
539 502 628 558 neque
643 495 674 543 ut
689 503 750 544 vere
762 487 968 543 Salaminiorum
983 487 1127 562 episcopus

113 571 201 636 luerit,
218 571 244 626 ei
255 570 389 627 eredimus
400 571 566 627 successisse
577 571 764 644 Epiphaniam,
781 573 828 631 sed
838 572 930 645 potins
941 571 1064 638 Auuibio,
1080 575 1127 649 qui

112 657 180 712 inter
199 655 313 729 Cyprios
329 655 472 728 episcopos
494 655 637 712 duodecim
652 656 759 725 (babuit
773 664 864 713 autem
879 656 966 724 insula
981 657 1126 715 universim

111 739 278 814 episcopales
294 739 373 796 sedes
388 740 552 814 quindecim)
565 740 719 796 nominatur
734 758 748 796 a
764 742 792 797 S.
805 741 950 798 Athanasio
962 742 1064 814 primus
1076 761 1127 801 eo·

110 842 167 881 rum
182 825 232 898 qui
248 824 403 898 synodicam
419 824 585 894 sardicensis
602 825 706 881 concilii
722 843 792 905 anno
806 829 864 885 347
879 825 1063 900 subsignando
1074 845 1128 901 po-

110 919 164 966 stea
189 909 392 983 approbarunt;
415 918 463 966 aut
477 909 557 973 illius,
582 909 604 965 si
619 909 687 965 alius
703 911 763 985 q‘uis
779 911 940 976 intercessit,
964 913 1126 971 successori.

107 994 142 1052 llo
153 1003 283 1068 tempore
290 1002 417 1068 coeperat
427 994 515 1051 insula
527 994 623 1050 oumS.
632 994 767 1051 Hilarione
779 997 926 1053 monachos
938 996 1017 1060 etiam
1029 1015 1125 1056 nosse:

109 1079 239 1136 credibile
268 1088 359 1136 tamen
387 1088 431 1135 est
451 1078 484 1134 ab
506 1079 648 1153 Epiphanii
670 1079 839 1136 institutione
862 1089 889 1137 ct
911 1098 982 1142 cura,
997 1081 1128 1156 pleraque

110 1180 205 1221 eornm
235 1164 461 1220 monasteriorum
491 1173 581 1219 erecta
603 1163 757 1236 directaque
780 1165 877 1230 luisse,
907 1183 1023 1240 quorum
1045 1184 1128 1240 supra

109 1249 297 1314 meminimus;
326 1248 394 1305 adeo
422 1257 453 1304 ut
481 1249 578 1307 merito
601 1248 741 1321 scripserit
762 1249 930 1306 Sozomenus
948 1251 985 1314 ‚de
1007 1251 1128 1325 llpipba-

109 1334 151 1391 nio
175 1333 266 1390 lib.Vl
289 1350 347 1406 cap.
366 1335 414 1397 32,
438 1334 511 1406 quod
534 1333 579 1388 “in
602 1334 751 1390 monastiea
772 1334 913 1408 disciplina
935 1335 1127 1401 celeberrimus

108 1418 210 1476 exstitit
232 1427 261 1475 et·
271 1419 411 1492 Aegyptiis
433 1426 461 1474 et
473 1418 651 1484 Palaestiniis,
676 1428 703 1475 et
714 1419 831 1492 denique
844 1419 956 1493 Cypriis,
971 1422 1042 1494 apud
1056 1438 1126 1494 quos

109 1503 212 1561 electus
224 1512 267 1560 est
279 1504 348 1560 utin
360 1504 504 1577 metropoli
516 1504 599 1560 totins
611 1503 715 1561 insulae
727 1505 911 1578 episcopatum
919 1504 1126 1562 administraret.

197 1590 246 1645 16.
290 1587 357 1644 llum
387 1589 460 1645 bunc
481 1597 598 1661 gereret,
624 1589 727 1645 “multa
750 1589 788 1645 illi
809 1589 937 1646 miracula
960 1588 1126 1656 tribuuntur,

107 1689 137 1729 et
159 1672 262 1746 quibus
284 1673 348 1729 illud
370 1673 404 1728 ad
426 1673 548 1729 notitiam
571 1683 691 1730 nostram
714 1675 862 1748 pervenit,¹'
885 1674 972 1749 iuquit
987 1673 1056 1730 idern
1071 1674 1127 1731 So-

107 1774 237 1815 zomenus
259 1756 358 1813 lib.Vll
381 1775 439 1839 cap.
458 1760 507 1815 27.
550 1759 637 1814 “Cum
659 1759 777 1817 liberalis
800 1768 873 1815 esset
895 1776 961 1832 erga
980 1776 1124 1832 pauperes,

106 1843 152 1917 qui
174 1842 218 1900 rel
240 1843 379 1916 naufragio
403 1843 443 1898 uel
465 1843 516 1899 alio
539 1843 665 1917 quopiam
690 1861 753 1900 casu
776 1845 808 1900 ad
831 1844 948 1917 inopiam
963 1844 1065 1901 redacti
1081 1863 1127 1902 es·
1215 1884 1220 1894 ·

108 1935 182 1990 sent,
211 1928 339 2002 quoniam
360 1927 501 1984 facultates
525 1945 588 1984 suas
609 1929 660 1984 iam
684 1930 787 2003 pridem
810 1947 904 1989 omnes
927 1929 1124 2003 absumpserat,

107 2011 238 2069 ecclesiae
259 2011 339 2069 bortis
360 2011 408 2068 ubi
430 2029 500 2086 opus
523 2021 580 2069 erat
594 2014 698 2088 prolixe
712 2025 779 2071 usus
795 2023 851 2073 est:
876 2023 934 2070 erat
948 2023 1039 2071 autem
1054 2032 1126 2088 opu-

106 2095 255 2153 lentissima
283 2097 340 2153 eius
370 2097 492 2155 ecelesia.
537 2097 613 2156 Multi
642 2099 712 2155 enim
739 2117 771 2156 ex
793 2099 872 2155 variis
895 2099 1017 2172 partibus
1040 2099 1123 2166 orbis,

106 2182 151 2255 qui
174 2198 243 2255 opes
265 2198 328 2239 suas
350 2183 379 2238 in
400 2182 460 2256 pios
482 2199 550 2239 usus
571 2184 728 2256 impendere
738 2184 898 2248 studebant,
921 2193 948 2241 et
963 2185 1124 2257 superstites

107 2267 162 2322 eius
195 2265 325 2323 ecclesiae
353 2284 398 2322 eas
419 2267 626 2341 impendebant,
658 2278 686 2325 et
707 2269 854 2326 morientes
877 2268 963 2325 eidem
986 2269 1125 2341 relinque-

105 2350 179 2408 bant
226 2350 404 2408 iloubdebant
426 2353 608 2418 eniminum,
641 2363 737 2427 utpote
759 2354 805 2428 qui
828 2352 930 2427 probus
954 2352 1125 2425 dispensator

106 2435 208 2510 lteique
236 2437 435 2493 amantissimus
463 2448 550 2502 esset,
579 2455 623 2493 res
651 2437 684 2492 ab
714 2438 779 2511 ipsis
808 2439 919 2494 donatas
949 2438 1125 2511 exipsorum

107 2520 242 2579 sententia
264 2538 294 2576 ac
315 2520 453 2579 voluntate
476 2531 659 2595 erogaturum.
691 2521 812 2590 Quodam
827 2522 910 2595 igitur
925 2530 1048 2596 tempore
1064 2540 1125 2579 curn

44 2654 49 2673 ,
106 2622 208 2679 paucae
230 2605 374 2663 admodum
396 2607 526 2679 pecuniae
549 2615 734 2681 superessent,
758 2606 833 2664 aiunt
855 2607 985 2664 ecclesiae
1004 2625 1126 2665 oecono-
1215 2672 1225 2690 ἱ

105 2707 179 2748 mum
209 2691 414 2757 succensuisse,
445 2703 562 2765 eumque
585 2701 712 2765 tauquam
734 2692 879 2766 prodigum
900 2693 1123 2766 reprehendisse:

106 2775 182 2833 ilium¹
203 2792 278 2840 vero,
301 2792 336 2832 ne
352 2759 416 2835 ‚turia
439 2775 556 2850 quidem,
579 2777 612 2835 de
630 2777 713 2833 solita
736 2795 799 2850 erga
815 2795 949 2852 pauperes
963 2777 1126 2835 munificen-

107 2861 141 2917 tia
162 2860 311 2917 remisisse.
343 2859 473 2918 Omnibus
495 2870 585 2919 autem
607 2862 790 2936 consumptis,
815 2872 928 2936 repente
950 2864 1124 2936 nescioquis

104 2944 324 3010 adecubicnlum,
347 2945 375 3001 in
396 2962 451 3019 quo
473 2946 589 3019 degebat
610 2964 785 3014 oeconomus,
809 2949 950 3013 accedens,
974 2964 1081 3004 saccum
1096 2948 1124 3002 in

106 3046 159 3102 quo
188 3030 267 3087 multi
296 3039 374 3087 erant
399 3030 474 3087 aurei
501 3032 652 3093 nummiin
673 3049 770 3089 manus
793 3033 818 3089 ei
840 3033 958 3090 tradidit.
1004 3033 1124 3104 Cumque

104 3129 153 3171 aee
176 3114 201 3170 is
223 3114 270 3188 qui
291 3115 403 3173 dederat
423 3133 475 3175 nec
496 3116 519 3171 is
541 3117 588 3190 qui
609 3117 720 3174 miserat
741 3127 911 3182 nosceretur,
933 3118 1124 3187 videreturque

78 3239 81 3244 .
104 3198 202 3257 merito
231 3199 351 3257 insoleus
379 3216 543 3274 quemquam
570 3201 599 3256 in
626 3209 699 3258 tanta
722 3203 852 3275 pecuniae
874 3201 1017 3274 largitione
1038 3199 1123 3256 latere

103 3283 184 3350 uelle,
206 3292 265 3341 tum
286 3301 350 3347 vero
373 3285 491 3344 universi
513 3285 540 3342 id
562 3285 609 3342 llei
633 3304 701 3360 opus
724 3304 785 3343 esse
807 3286 984 3344 iudicamur.

195 3371 241 3426 l‘l.
285 3369 325 3425 lta
347 3368 530 3435 Sozomenus,
558 3379 684 3443 tanquam
706 3372 759 3428 boc
780 3372 949 3445 alterumque
972 3386 1035 3424 mou
1056 3367 1125 3425 sub-

103 3451 249 3511 iiciendum
271 3454 359 3511 solum
382 3455 509 3512 distincte
527 3455 665 3529 cognitum
680 3456 798 3522 babens;
822 3454 936 3529 proinde
952 3454 1020 3520 nibil
1034 3453 1123 3511 sciens

105 3535 138 3594 de
154 3538 353 3597 »commentitiis
376 3538 427 3596 illis
448 3556 481 3596 ac
502 3541 714 3599 mendacissimis
728 3541 811 3606 dctis,
834 3540 863 3596 in
885 3537 984 3614 quibus
1000 3547 1058 3597 tum
1073 3539 1124 3597 alia

101 3622 189 3681 multa
211 3623 287 3681 valde
310 3623 659 3698 singulariacoutiuentur,
684 3634 740 3682 tum
762 3625 807 3682 illa
828 3625 886 3700 ipsa
908 3623 962 3683 duo
977 3624 1058 3700 longe
1072 3624 1125 3683 ali·
