2534 4154
146 294 206 366 llis
593 314 707 366 remur

143 473 338 549 gyptiaoorum.
383 470 458 528 Unde
480 471 529 527 alia
552 479 593 528 est
616 463 764 544 νουμηνία
784 462 863 526 κατὰ
884 463 1025 546 σελήνην,
1048 469 1101 526 alia
1122 459 1161 526 οὖ

143 551 223 614 κατὰ
249 551 385 633 σελήνην.
428 556 485 613 Hoc
513 573 564 630 ego
592 572 675 612 sensu
703 557 746 634 τῷ
774 548 955 632 ἓπιφάσκειν
975 555 1161 629 Evangelistas

143 642 302 715 simpliciter
327 659 393 697 usos
421 640 553 697 arbitror:
582 649 614 696 ut
642 657 702 696 enm
725 639 819 696 llatth.
844 641 925 704 28,1
956 641 991 696 ita
1020 639 1159 715 loquitur:

143 719 204 800 άψέ
226 720 259 800 δὲ
280 727 343 783 τῶν
363 718 540 798 σαββάτων,
563 726 602 803 τῇ
624 718 840 803 ἐπιφωσκούσῃ
857 720 900 791 εἰς
912 719 987 798 μίαν
1001 724 1065 781 τοῖν
1078 723 1162 798 σαβ-

141 805 256 886 βάτων.
285 811 335 868 Ubi
357 811 430 867 nulla
451 811 621 884 argutatione
643 828 712 883 opus
735 820 777 866 est
799 819 830 866 ut
845 809 886 865 vel
901 810 959 866 dies
974 810 1032 883 ipsa
1047 826 1063 864 a
1078 819 1163 867 nocte

142 897 274 970 incipiens
297 905 355 952 tum
377 896 494 961 demum,
518 895 637 952 cumSol
660 896 756 960 oritur,
779 888 962 973 iuueniorem
975 894 1096 950 dicatur:
1118 895 1161 952 rel

142 990 174 1039 ut
195 983 270 1038 Luna
291 989 338 1037 aut
360 981 448 1036 sidera
469 980 673 1036 subaudiantur.
703 980 769 1041 Nam
791 981 835 1036 lrie
856 996 918 1037 meo
939 979 1038 1036 iudicio
1060 997 1161 1036 sensus

143 1074 200 1124 est:
229 1067 357 1122 coniectis
380 1065 519 1131 Sabbatis‚
543 1065 599 1122 sive
621 1064 789 1121 hebdomada
810 1074 934 1138 peracta,
958 1064 1001 1120 die
1022 1065 1160 1138 sequenti,

142 1168 212 1226 quae
234 1151 402 1208 inibatcum
422 1151 488 1207 feria
509 1150 604 1223 prima,
631 1151 705 1222 quod
726 1150 845 1223 apertius
868 1151 956 1206 Lucae
979 1151 1028 1214 23,
1047 1151 1088 1207 bl
1111 1150 1162 1207 de-

142 1236 268 1294 claratur.
299 1230 348 1291 uoti
370 1229 471 1314 ἡμέρα
490 1220 530 1310 ἦν
549 1227 726 1313 παρασκευὴ
750 1229 799 1289 καὶ
817 1228 980 1308 σάββατον
993 1227 1162 1311 ἓπὲφωσκε.

141 1320 192 1378 Ubi
213 1320 325 1377 verbum
348 1315 502 1398 ἕπέφωσκε
524 1320 626 1375 nullam
647 1319 736 1376 lucem
759 1319 899 1393 significat,
923 1319 972 1375 sed
987 1319 1104 1376 initium.
1126 1323 1163 1377 At

141 1405 213 1480 apud
239 1406 418 1480 Epiphanium
445 1406 473 1460 in
501 1404 675 1478 Expositione
702 1404 764 1461 fidei
786 1421 810 1460 c.
828 1406 867 1462 22
896 1405 967 1461 cirea
994 1404 1161 1477 gallicinium

139 1492 196 1567 τῆς
216 1492 362 1567 κοριοκῆς
382 1483 616 1568 ἓπιφωσκοάσης
642 1489 709 1546 solvi
735 1490 864 1546 Paschale
892 1489 1021 1545 ieiunium
1050 1488 1162 1557 dieitur,

140 1577 258 1633 honest
280 1586 342 1649 post
364 1575 479 1631 mediam
501 1583 618 1640 noctem,
643 1591 657 1630 a
679 1591 732 1647 qua
754 1574 824 1629 diem
848 1575 991 1631 Christiani
1012 1574 1161 1634 inchoant:

140 1661 205 1717 item
234 1660 316 1734 paulo
345 1669 408 1733 post
436 1659 530 1716 scribit
556 1659 701 1715 nonnullos
735 1658 903 1715 hebdomada
929 1667 1022 1716 sancta
1049 1659 1162 1734 vigihre

139 1736 196 1820 τὴν
215 1737 294 1819 μετὰ
314 1737 371 1819 τὴν
390 1739 530 1819 πέμπτην
550 1737 786 1822 ἕπιφάσκοοσαν
807 1741 849 1811 εἷς
869 1738 905 1801 τὸ
927 1737 1161 1822 προσάββατον.

140 1829 191 1886 Ubi
212 1822 394 1907 duronicum
415 1829 521 1885 videtur
542 1830 652 1902 proprie
675 1829 832 1902 sumpsisse,
856 1829 934 1903 quasi
955 1847 1009 1885 nox
1027 1830 1162 1903 postridie

139 1913 277 1978 lucescat,
307 1915 368 1970 hoc*
387 1924 429 1970 est
456 1913 483 1969 in
513 1915 601 1970 lucem
630 1914 744 1970 desinat.
788 1914 900 1971 Noctem
928 1915 999 1970 enim
1021 1915 1177 1989 intelligit.

140 2014 209 2071 quae
231 1999 409 2054 Parasceuem
430 1999 576 2071 praeeedit.

224 2078 273 2138 καὶ
297 2072 342 2138 ὅτι
366 2074 531 2149 ἀνάστασις
552 2078 602 2138 καὶ
626 2077 779 2158 euprepia]
824 2084 864 2139 En
887 2084 987 2140 erroris
1009 2101 1162 2158 argumen-

138 2175 207 2224 tum.
238 2168 374 2224 Christum
397 2169 476 2232 enim,
500 2184 581 2241 quem
602 2168 781 2240 Aequinoctio
802 2168 861 2241 ipso
884 2169 1067 2226 resurrexisse
1088 2171 1161 2226 didi-

119 2261 227 2319 'eerat,
258 2255 311 2309 hoc
333 2262 375 2310 est
397 2253 463 2309 XXV
486 2252 588 2318 Martii,
618 2270 651 2309 eo
674 2253 716 2308 die
738 2253 921 2310 resurrexisse
944 2254 1072 2320 credidit,
1102 2270 1159 2329 quo

104 2324 108 2339 '
138 2337 296 2395 Diocletiani
319 2345 442 2413 tempore
464 2339 672 2413 Aequinoctium
694 2339 796 2394 incidit.
826 2338 892 2394 Nam
915 2355 947 2394 ex
968 2339 1104 2404 Anatolio,
1128 2349 1161 2398 ut

139 2423 245 2497 opinor,
269 2432 297 2479 et
307 2424 492 2480 Alexandrinis
515 2423 653 2480 veteribus
674 2424 884 2496 Aequinoctium
907 2423 994 2479 blartii
1008 2424 1077 2480 llllll
1099 2434 1162 2482 sta-

137 2507 199 2573 tuit,
223 2526 284 2564 eum
302 2509 448 2566 Nicaenum
471 2509 574 2582 aliquot
596 2509 673 2565 annis
695 2519 790 2582 postea
812 2509 839 2564 in
861 2509 1016 2564 vicesimum
1039 2510 1160 2582 primum

137 2591 268 2648 intulerit.
298 2593 374 2650 Unde
396 2595 443 2667 qui
464 2602 658 2651 successerunt
672 2594 843 2649 Alexandrini
866 2593 1013 2667 scriptores
1035 2594 1081 2649 llll
1098 2595 1158 2652 Kal.

136 2675 191 2732 boe
213 2686 254 2732 est
275 2677 331 2732 Xlll
353 2679 440 2734 llartii
460 2679 668 2751 Aequinoctium
690 2678 822 2744 fixerunt,
852 2687 883 2734 ut
904 2678 977 2734 inter
997 2679 1064 2735 alios
1087 2679 1162 2737 Pro-

135 2760 222 2817 terius
250 2761 445 2818 Alexandrinus
473 2765 545 2836 apud
572 2763 669 2820 Bedam
696 2763 744 2819 lib.
774 2764 807 2819 de
835 2764 950 2836 Aequin.
974 2764 1081 2820 Vernali
1110 2765 1159 2840 qui

136 2852 180 2902 est
201 2845 286 2902 Tomo
309 2847 352 2902 lll.
382 2847 409 2903 ls,
429 2847 539 2921 inquam
563 2849 602 2905 25
625 2848 803 2913 Phamenoth,
827 2848 873 2921 qui
896 2856 938 2904 est
964 2846 1000 2907 12
1016 2848 1074 2904 lial.
1092 2851 1158 2924 Apr.

21 2917 25 2925 ⁴
134 2930 343 3004 Aequinoctium
365 2930 514 2997 collocavit,
537 2933 635 2988 Leonis
650 2932 739 3006 Papae
761 2932 939 3005 temporibus.
970 2935 1064 3007 ltaque
1077 2952 1160 3010 μνη-

133 3009 261 3090 μονικὸν
288 3023 330 3072 est
357 3007 528 3093 ἁμάρτημα
554 3017 728 3073 eruditissimi
750 3017 874 3090 llepleri,
906 3018 969 3073 dum
997 3019 1025 3074 in
1047 3018 1157 3094 llclogis

133 3103 242 3174 paee.
288 3101 441 3157 Proterium
470 3101 506 3156 ait
534 3102 605 3157 circa
632 3102 737 3158 initium
767 3101 925 3158 Diocletiani
946 3104 1159 3176 Aequinoctium

134 3186 168 3242 xl
190 3185 248 3242 llal.
272 3186 424 3242 definiisse:
448 3187 496 3242 sed
517 3186 642 3242 Anatolio
665 3187 692 3242 id
714 3187 848 3251 convenit,
872 3188 949 3243 cuius
971 3188 1079 3244 illustre
1100 3189 1160 3245 Aa·

134 3279 274 3344 omentum
298 3271 427 3328 describit
448 3271 582 3327 Eusebius
607 3275 634 3336 7,
652 3273 690 3329 26
715 3289 746 3327 ex
769 3272 889 3328 eiusdem
911 3273 1088 3330 Pascbalibus
1105 3273 1160 3341 (la-

134 3355 268 3421 nonibus,
293 3357 366 3430 quod
388 3365 416 3413 et
437 3356 508 3413 Reda
530 3365 724 3413 commemorat
745 3357 804 3413 Lib.
828 3357 861 3414 de
882 3358 1078 3432 Aequinoctio,
1109 3359 1158 3416 ubi

135 3446 165 3494 et
184 3441 301 3497 Anatolii
321 3440 404 3498 verba
427 3459 458 3498 ex
480 3442 698 3516 depravatissima
721 3443 820 3498 Ruitini
843 3443 1068 3517 interpretatione
1091 3460 1159 3519 per-

134 3539 228 3596 peram
251 3537 361 3600 accepta
383 3527 497 3584 alienam
519 3528 547 3583 in
569 3529 730 3584 sententiam
754 3527 907 3601 detorquet.
938 3528 1027 3597 Quare
1045 3544 1108 3585 cum
1124 3546 1159 3586 ex

136 3624 170 3664 eo
191 3611 307 3667 Anatolii
331 3613 450 3679 decreto,
476 3621 605 3687 tanquam
628 3630 660 3669 ex
682 3614 758 3670 fonte
779 3613 921 3686 llpiphanii
944 3614 1067 3671 doctrina
1089 3630 1159 3689 pro·
