2534 4154
459 306 750 397 auratioreasroues.
1056 339 1118 402 rto

178 502 260 576 Atqui
282 519 314 558 ex
335 501 478 575 Epiphanii
500 503 605 558 ratione
628 503 795 577 colliguntur
816 504 879 559 anni
902 504 1031 564 duntaxat
1052 511 1115 570 949

88 604 106 646 1
129 588 234 644 llrluuo
256 587 290 643 ad
311 585 437 642 Abraami
460 595 559 642 ortum.
586 587 741 645 differentia
764 597 807 644 est
823 606 957 646 annorum
973 594 1046 658 239,
1069 596 1117 671 qui

10 706 25 739 ·.
87 674 119 730 iu
138 672 366 730 'bllXSeniorrtm
390 671 515 727 Editiune
538 689 570 728 er
596 675 654 729 130
674 672 774 728 Cainen
797 682 825 729 et
846 676 969 732 centonis
985 678 1116 737 Nechesia

88 766 271 832 consurgunt.
302 756 388 830 Vulgo
413 757 484 811 enim
506 756 613 813 Nachor
639 760 696 815 179
719 757 888 825 tribuuntur,
912 760 945 816 ab
963 761 1117 836 Epiphanio

87 858 156 901 rem
180 846 230 901 79.
275 844 309 898 ht
330 857 394 897 vero
417 841 445 896 in
467 841 639 898 Praelatione
660 843 742 898 huius
764 843 856 916 operis
878 852 907 900 et
929 841 962 901 iu'
978 851 1116 907 decorato

86 929 189 1006 ptis
212 927 320 985 easdem
342 926 401 982 illas
422 920 526 1001 γενεὰς
547 934 691 1000 perterrens
714 927 814 990 Cainau
836 929 960 987 inseruit.
992 933 1026 989 Ut
1047 933 1116 992 itha

15 1066 18 1071 .
88 1021 228 1090 appareat,
252 1012 318 1067 Lxx
340 1011 484 1067 Saniorum
507 1011 654 1068 editionem
676 1012 728 1068 hac
748 1013 777 1067 in
799 1023 877 1086 parte
900 1016 998 1072 11111111
1021 1028 1049 1075 et
1069 1012 1116 1074 111·

86 1098 252 1175 terpolatam
274 1097 368 1153 luisse.
398 1096 464 1151 Nam
486 1096 530 1151 alii
552 1096 659 1152 codices
676 1096 775 1152 Cainan
797 1098 975 1166 asciscebant,
999 1103 1043 1158 alii
1066 1121 1117 1160 ex·

23 1180 27 1187 '
85 1181 263 1260 pungebant,
294 1181 428 1254 siqnidem
460 1181 530 1254 apud
559 1180 706 1237 Eusebium
733 1181 804 1238 Edit.
835 1181 953 1241 Graecae
980 1190 1044 1261 p.9
1081 1205 1115 1246 ea

10 1266 20 1309 '-
84 1268 214 1327 amano
237 1276 266 1324 et
286 1266 352 1321 Lxx
374 1266 582 1339 luterpretibus,
606 1282 657 1321 nec
679 1283 735 1322 non
757 1283 789 1322 ex
812 1267 1041 1327 Samaritanorum
1057 1273 1115 1330 lle·

14 1372 31 1411 .·
86 1354 188 1412 hraicis
210 1350 409 1425 exemplaribus
431 1351 459 1406 in
481 1351 563 1406 huius
578 1350 753 1424 genealogiae
768 1361 897 1410 contextu
913 1353 1012 1411 Gainan
1028 1357 1115 1413 omis·-

63 1450 136 1497 sus
159 1447 212 1504 cst,
236 1453 287 1494 nec
308 1451 442 1492 annorum
464 1452 568 1492 summa
591 1438 653 1494 942
676 1436 782 1492 excedit
802 1436 932 1494 adiluvio
947 1439 981 1494 ad
996 1441 1114 1499 natalem

87 1522 230 1582 Abraami.
259 1529 328 1597 quot
355 1520 479 1577 videlicet
506 1538 592 1576 annos
615 1521 782 1595 Epiphanius
811 1522 864 1578 hoc
893 1523 953 1580 loco
976 1533 1136 1591 numerat.¹

89 1611 179 1680 Quare
199 1606 348 1664 Eusebium
370 1605 414 1662 hic
437 1606 545 1679 quidem
568 1614 679 1661 secutus
702 1614 753 1662 est.
1095 1626 1108 1639 ··

174 1693 212 1749 lle
229 1692 347 1749 Cainano
367 1700 446 1747 vetus
470 1699 512 1747 est
533 1691 666 1763 quaestio,
690 1707 760 1764 quae
782 1707 797 1746 a
818 1692 1019 1750 recentioribus
1041 1694 1113 1751 varie

87 1777 234 1876 disceptari
263 1777 344 1833 solet
388 1775 452 1831 llihi
479 1776 739 1870 praetermittendus
767 1777 877 1834 omnino
901 1778 1020 1844 videtur,
1049 1796 1112 1837 cum

10 1806 32 1927 1
86 1881 139 1922 aec
155 1864 183 1921 in
199 1861 331 1918 Hebraico
346 1860 467 1924 veritate,
491 1877 542 1916 nce
557 1862 585 1915 in
600 1860 757 1917 Latinorum
774 1861 893 1919 editione
908 1870 981 1920 extet
996 1863 1112 1939 uspiam

10 1932 28 2131 9-
87 1951 167 2021 Quod
189 1947 261 2004 euim
283 1946 376 2001 uitium
399 1945 426 2001 iu
448 1944 587 2002 hebraeos
614 1945 750 2002 codices
742 1947 887 2020 arrepsisse
909 1950 1033 2006 uonntdli
1055 1959 1115 2007 sta·-

10 2032 21 2113 9
87 2043 196 2100 11111111,·
212 2031 293 2088 nimis
321 2031 374 2086 hoc
402 2031 491 2086 otiose
511 2030 633 2103 tingitur.
678 2032 766 2088 Lucae
788 2033 940 2090 authoritas
961 2035 1112 2108 grauiorem

87 2120 151 2177 facit
178 2114 400 2175 controversiam.
445 2115 498 2171 Sed
524 2125 552 2172 et
574 2116 638 2172 huic
660 2132 675 2172 a
697 2117 749 2190 piis
772 2126 799 2173 et
821 2118 934 2175 eruditis
958 2120 1020 2175 viris
1041 2121 1164 2182 iam-223

10 2204 193 2280 pridem
222 2201 388 2259 satisfactum
419 2210 470 2256 est.
517 2201 584 2256 Cum
612 2201 684 2256 eninr
707 2203 872 2258 Graecorum
901 2204 1009 2260 codices
1030 2205 1111 2278 vulgo

88 2289 235 2347 Gainaaum
257 2284 425 2350 exhiberent,
449 2285 544 2351 Lucas,
569 2286 615 2359 qui
631 2286 740 2342 Graecis
762 2286 908 2351 scribebat,
932 2304 988 2344 nou
1004 2288 1112 2346 aliunde

88 2373 273 2450 genealogiam
306 2371 386 2426 istam
416 2386 496 2444 quam
526 2386 558 2425 ex
580 2370 688 2426 illorum
709 2370 786 2426 libris
808 2371 965 2444 exscripsit,
994 2373 1112 2446 ideoque

63 2477 74 2482 ··
89 2469 117 2518 et
137 2458 286 2516 Gainarmm
307 2454 432 2519 inseruit,
456 2471 538 2528 quem
560 2455 583 2510 si
606 2454 707 2527 alioqui
728 2455 969 2527 praetermitteret,
994 2457 1112 2516 Graecos

86 2545 176 2620 ipsos
192 2541 352 2600 offenderet.
397 2537 496 2607 Quare
515 2538 582 2594 nihil
604 2539 763 2595 alterutram
786 2540 813 2595 in
834 2549 941 2614 partem
963 2542 1111 2610 affirmans,

10 2616 16 2673 Ϊ
39 2654 55 2691 ·,
89 2646 155 2706 quas
175 2629 204 2685 in
220 2627 322 2683 Graeca
345 2624 463 2680 editione
485 2623 677 2698 generationes
699 2635 848 2698 repererat,
872 2626 1030 2700 simpliciter
1046 2629 1113 2686 red-

10 2702 41 2751 ·’ἶ
63 2714 162 2787 didit.
207 2709 441 2781 Quemadmodum
464 2710 487 2765 si
514 2709 576 2784 quis
604 2709 753 2783 Aethiopas
777 2709 941 2768 Catholicam
969 2714 1004 2770 ad
1029 2710 1112 2773 fldem

18 2798 43 2825 ²⁷
54 2818 68 2827 “
87 2799 238 2876 perducere
260 2796 363 2860 volens,
386 2811 482 2869 regum
497 2793 606 2850 illorum
620 2794 823 2852 successionem
839 2812 872 2853 ex
885 2798 1001 2872 vulgatis
1017 2806 1112 2856 eorum

39 2916 59 2927 ·-
85 2880 236 2943 annalibus
265 2888 439 2954 excerperet,
467 2879 576 2936 tametsi
604 2879 737 2954 quispiam
766 2881 890 2938 intrusus
917 2884 945 2938 in
967 2900 1112 2941 numerum

55 2970 59 2975 '
86 2968 191 3036 masat,
214 2984 280 3023 nou·
293 2965 361 3022 haec
383 2964 514 3022 Catholici
528 2964 685 3039 Scriptoris,
708 2967 758 3022 sed
779 2967 955 3033 historiarum
977 2977 1005 3025 et
1018 2971 1113 3024 Anna-

85 3048 151 3113 lium
180 3070 242 3110 esse
270 3051 350 3124 culpa
379 3051 546 3106 crederetur.
591 3049 649 3106 lloc
677 3067 729 3126 ego
758 3067 820 3108 cnm
850 3052 975 3109 Perrerio
1004 3062 1110 3118 nostro,

86 3136 226 3202 hescelo,
251 3134 442 3201 Genebrardo,
465 3135 579 3208 aliisque
602 3134 690 3193 doctis
712 3144 740 3193 et
761 3137 813 3210 piis
835 3135 1020 3211 scriptoribus
1042 3150 1112 3258 pra·

85 3222 176 3323 1119111
199 3235 309 3280 censeo.

118 3311 278 3367 1.791
296 3297 392 3381 Ἔβερ
422 3297 456 3361 δὲ
480 3305 570 3386 γεννᾶ
595 3299 650 3362 τὸν
674 3298 790 3377 Φαλέκ]
834 3303 961 3360 handum
989 3313 1112 3369 estnon

86 3392 237 3472 Epiphanii,
272 3390 320 3448 sed
341 3389 472 3446 librarii
466 3407 492 3445 rn
515 3406 693 3446 numerorum
714 3398 788 3445 note.
829 3389 894 3464 heg.
917 3390 1010 3466 itaque
1033 3384 1157 3470 (11111111

86 3486 131 3539 ut
137 3492 173 3539 ex
194 3476 322 3555 sequenti
343 3474 505 3575 cqllectioue
526 3475 671 3573 perspicue
693 3481 810 3530 cuasam.
1075 3492 1106 3513 =

147 3566 274 3625 4731.
304 3552 384 3617 κατὰ
406 3552 439 3614 da
460 3560 572 3637 ψηφον
593 3550 695 3614 ἄλλων
716 3551 926 3638 ἀντιγράφων]
972 3560 1110 3643 Quaeram

86 3651 208 3727 illenim
222 3645 401 3721 exemplaria,
425 3659 494 3718 quae
517 3643 551 3702 ab
573 3650 637 3701 ortu
652 3643 716 3701 Sem
738 3642 772 3700 ad
786 3646 834 3704 80
858 3644 900 3702 vel
916 3646 962 3705 90
973 3646 1109 3715 abrami,

28 3808 46 3831 ,Ι
158 3774 173 3833 .·'
905 3743 959 3795 12*
