2534 4154
128 307 168 370 48
310 285 314 291 ”
581 321 696 371 russin

125 477 259 551 phanias,
283 475 379 549 inquit,
403 482 500 547 aperte
522 465 594 540 τοὺς
616 466 759 548 νομικοὺς
779 475 925 546 distinquit
940 464 1001 530 ἀπὸ
1016 475 1079 530 τῶν
1094 493 1148 530 νο-

127 553 380 636 patriarchina,
409 560 472 616 τῶν
500 557 549 615 καὶ
578 554 793 635 γραμματέων.
836 558 956 614 Eosdem
979 560 1052 615 enirn
1073 560 1148 630 facit

128 639 327 722 pneumatice
356 653 383 700 et
416 636 716 716 νομοὺιὺασκύλους,
744 646 884 717 aquibus
906 645 1052 714 distinquit
1074 639 1151 712 τοὺς

128 722 280 802 νομικοὺς,
302 746 371 802 quos
393 736 520 785 accenset
541 730 716 786 Pharisaeis.
746 731 813 785 Ideo
835 736 909 784 recte
931 731 989 784 ait:
1012 731 1152 803 συνῆσαν

128 806 186 890 γὰρ
210 806 314 882 αὐτοῖς
340 809 390 869 καὶ
414 807 442 870 oi
461 809 587 888 reprimi.
627 813 740 879 Eodmn,
764 815 861 887 inquit,
885 815 945 869 loco
961 816 1153 872 censebantur

129 900 294 964 Pharisaei,
315 895 344 954 'et
368 895 500 971 νομικοὶ,
523 900 570 971 qui
592 902 718 972 quamuis
740 917 826 953 unum
848 916 950 971 corpus
973 894 1023 953 καὶ
1046 890 1152 974 τάγμα

130 986 296 1055 efficiebant,
327 992 419 1039 tomen
447 992 508 1039 erat
536 985 686 1039 discrimen
708 986 847 1056 quoddam
879 985 954 1039 inter
975 983 1150 1040 Pharisaeos

130 1064 180 1124 καὶ
204 1063 275 1136 τοὺς
296 1062 457 1142 νομικούς,·
479 1071 553 1141 qaod
573 1072 698 1124 severius
720 1069 878 1124 institutum
900 1075 972 1124 esset
994 1069 1152 1125 Pharisae-

131 1171 209 1208 orum
241 1171 325 1226 qnam
346 1155 408 1209 τῶν
429 1156 570 1225 νομικῶν.
615 1154 682 1209 llinc
705 1153 856 1209 Serrarium
877 1152 1027 1226 imperitiae
1050 1155 1150 1226 arguit,

90 1248 120 1299 33
130 1239 203 1310 quod
224 1239 261 1293 ita
282 1239 376 1303 vertit,
402 1238 468 1293 Corn
489 1240 560 1311 ipsis
583 1240 656 1293 enirn
676 1239 760 1293 iidem
783 1246 879 1304 erant,
903 1246 928 1293 et
950 1237 1075 1302 Nomia,
1100 1256 1153 1294 seu

130 1323 308 1395 Leqispcriti.
353 1323 405 1379 Sed
428 1323 570 1395 Epiphanii
599 1340 719 1378 sensum>
739 1324 855 1396 pessime
883 1323 1078 1395 interpretatus
1109 1333 1154 1380 est

132 1408 260 1480 Scaliger.
301 1409 406 1464 Etenim
429 1399 464 1464 τὺ
488 1399 591 1473 αὐτοῖς
614 1425 667 1464 non
691 1408 757 1463 alios
780 1425 860 1480 quam
883 1407 994 1472 scribas,
1019 1408 1074 1463 sive
1099 1426 1153 1464 νο-

130 1487 389 1566 μοὺιὺοισκύλοος,
412 1491 553 1564 significat,
578 1481 623 1558 οἷς
645 1493 782 1566 συνῆσαν
798 1487 848 1547 καὶ
864 1485 893 1546 oi
908 1486 1052 1564 Νομικοί.
1083 1493 1153 1560 Quia

130 1579 237 1650 saepius
260 1578 445 1650 Evangelistae
467 1576 576 1632 Scribas
605 1585 632 1632 et
665 1569 806 1649 νομικοὺς
835 1577 910 1649 quasi
934 1577 1075 1633 distinctos
1098 1595 1156 1634 na-

129 1664 241 1726 minant,
265 1663 372 1718 tametsi
394 1679 426 1717 ex
448 1661 549 1717 eodem'
566 1671 659 1718 essent
681 1662 784 1726 ordine,
808 1662 889 1735 idque
912 1662 953 1716 vel
976 1652 1040 1717 κατ’
1064 1657 1154 1729 ἐπεξ-

130 1738 253 1821 ήγησιν,
282 1747 323 1802 vel
346 1746 408 1820 qnia
430 1745 584 1801 Scribarum
608 1747 762 1819 complures
785 1755 861 1802 erant
883 1746 982 1819 gradus
1006 1754 1033 1801 et
1053 1746 1152 1812 officia,

131 1848 191 1886 cum
215 1840 242 1884 et
264 1830 385 1886 civilibus
409 1831 478 1886 sorte
501 1832 685 1888 contractibus
709 1849 739 1887 ac
757 1831 976 1904 stipulationibus
992 1841 1155 1904 praeessent

131 1913 219 1977 iidem,
244 1922 271 1968 et
285 1916 385 1987 Legem
401 1915 661 1987 interpretarentur:
685 1917 784 1972 idcirco
801 1918 945 1989 συνῆσαν,
968 1917 1065 1988 inquit,
1089 1918 1157 1982 τοῖς

131 1995 162 2053 Γ
160 2000 373 2073 ρομμοτιῦσιν
395 1992 423 2054 oi
447 1996 574 2072 νομικοὶ,
597 2002 649 2056 hoc
668 2010 710 2056 est
725 2003 866 2056 coniuncti
882 2007 971 2063 erant,
994 2018 1080 2056 unum
1096 1991 1155 2057 τά·

131 2100 194 2158 γμιι
217 2092 245 2139 et
267 2101 367 2157 corpus
389 2084 551 2140 efficiebant.
592 2089 615 2141 h
637 2102 691 2158 quo
710 2103 764 2142 non
781 2085 923 2141 admodum
940 2086 1069 2141 abhorret
1086 2086 1155 2143 Ser-

131 2169 226 2224 rarius.
248 2169 314 2224 Nam
328 2168 561 2243 μιιιιληιιιικῶς
575 2171 740 2242 Epiphanius
755 2171 863 2234 indicat,
878 2170 988 2225 eosdem
1004 2187 1065 2225 eum
1077 2171 1156 2227 Scri-

131 2253 173 2309 bis
195 2271 256 2310 esse
279 2246 351 2320 τοὺς
374 2245 547 2328 Νομικοὺς,
577 2256 640 2311 licet
663 2251 799 2311 construi
817 2275 873 2311 τινι
907 2255 1017 2327 proprie
1040 2273 1095 2311 non
1118 2256 1157 2312 sit

132 2340 202 2394 idern
233 2357 293 2396 esse
317 2358 377 2396 cum
400 2340 499 2413 aliquo.
545 2341 687 2397 Postremo
710 2358 852 2414 perperam
875 2330 980 2406 αὺτοῖς
1001 2341 1033 2395 ad
1055 2340 1156 2396 Phari-

132 2442 209 2480 saeos
238 2425 333 2480 relerri
367 2427 466 2484 docent
494 2443 563 2498 quae
599 2416 719 2498 p'roxime
754 2426 949 2490 subiiciuntur,
974 2416 1069 2480 Ἀλλὰ
1102 2419 1155 2481 καὶ

131 2503 217 2582 παρὰ
239 2501 378 2580 τούτους,
401 2519 454 2566 tam
477 2505 622 2585 νομικοὺς
643 2512 746 2567 seilicet
768 2529 848 2585 quam
870 2507 901 2565 Γ
899 2503 1088 2586 ραμματέας.

219 2596 257 2649 34
273 2611 297 2649 a.
328 2587 409 2669 ἀηὺῆ
432 2613 463 2650 τε
479 2587 566 2672 ῥύσιν
581 2587 725 2668 σώματος
741 2588 1000 2672 ἀπεργαζομένην]
1024 2594 1156 2651 Scriben-

133 2677 195 2730 dum
224 2680 386 2749 pronunciat
408 2679 528 2751 Scaliger
557 2672 644 2754 ἀήθη
668 2675 799 2756 ἔκκρισιν
820 2674 996 2754 σπέρματος
1018 2671 1156 2754 inappa-

86 2813 88 2818 .
133 2753 273 2830 ζομένων.
303 2763 396 2818 Audax
418 2763 496 2818 nimis
520 2766 672 2820 emendatio
695 2766 858 2837 minimeque
882 2766 1044 2820 necessaria.
1088 2765 1157 2821 Nam

133 2835 379 2919 ἀπεργαζομένην
399 2848 514 2919 passive,
538 2857 568 2902 ut
591 2849 653 2903 alibi
676 2866 766 2921 saepe,
790 2849 925 2904 hocloco
949 2850 1073 2920 sumpsit.
1106 2849 1157 2908 Est

134 2930 204 2984 enim
221 2928 338 2985 Graecae
361 2931 534 3003 proprietatis
556 2949 652 3005 parum
674 2933 774 3004 alioqui
797 2932 910 3004 diligens
926 2932 1102 3004 Epiphanius,
1126 2943 1158 2992 ut

134 3022 161 3070 et
182 3013 296 3070 Photins
320 3015 454 3071 observat.
488 3015 566 3083 Quod
589 3016 611 3071 si
635 3017 852 3073 commutationis
875 3017 999 3072 nonnihil
1023 3035 1092 3089 opius
1115 3019 1157 3074 vi-

133 3101 237 3164 deatur,
262 3116 313 3171 ego
336 3101 373 3156 ita
395 3100 553 3173 concipiam,
578 3092 659 3176 ἀηδῆ
682 3092 769 3176 ῥύσιν
786 3093 931 3174 σώματος
947 3092 1157 3177 ἀπεργαζομέ-

133 3202 201 3241 νων.
231 3184 358 3258 lntelligit
381 3194 471 3241 autem
494 3198 549 3259 'ap
573 3187 627 3241 sive
651 3178 877 3262 ἐξονειρωγμόν.
922 3187 1011 3259 Super
1033 3189 1084 3243 hac
1106 3184 1157 3244 ἐκ·

135 3264 229 3346 κρίσει
248 3275 320 3326 extat
334 3271 472 3327 Athanasii
487 3271 607 3343 Epistola
623 3273 656 3328 ad
669 3274 794 3327 hmmum
809 3269 981 3336 Monachum,
1005 3273 1051 3345 qui
1067 3290 1158 3345 quan-

135 3355 231 3410 tumvis
253 3364 363 3427 praeter
383 3356 550 3412 voluntatem
572 3358 715 3421 accideret,
739 3366 832 3414 utrum
855 3358 933 3430 culpa
947 3366 1053 3413 careret
1069 3358 1158 3415 addu-

133 3438 274 3496 bitaverat.

221 3527 259 3582 34
276 3524 303 3580 b.
333 3518 493 3599 ἓνῆστεοον
521 3519 555 3582 ii
584 3520 644 3600 tte]
682 3526 833 3584 Secundam
863 3538 889 3585 et
917 3529 1040 3601 quintam
1062 3527 1157 3585 lenam

134 3607 353 3682 theophylactus
382 3628 468 3683 aeque
491 3620 573 3683 atque
595 3611 762 3685 Epiphanius
785 3616 896 3671 adnotat
919 3615 947 3670 et
969 3613 1156 3670 hebraeorum
