2534 4154
148 311 189 375 38
604 320 717 370 renim

145 483 219 556 festa
247 498 265 536 a
290 477 440 536 Gortbeois
468 478 614 533 dissident,
657 474 760 531 Esseni
781 477 888 531 neutris
912 478 1108 541 adversantes,
1138 476 1170 532 in

147 581 333 640 quoscumque
360 563 526 627 inciderint,
558 562 618 617 sim
638 563 705 626 ,otto
734 561 896 616 discrimine
916 562 991 634 secta
1014 579 1077 617 com
1097 562 1169 635 ipsis

147 651 258 705 obeunt.
288 651 318 704 ln
341 648 474 703 Breviario
498 647 575 703 Tomi
598 646 688 711 liuius,
713 646 786 720 quod
801 642 900 719 ilperis
922 647 997 703 initio
1020 647 1169 720 praefixum

148 742 205 799 est,
236 735 262 788 in
287 732 526 805 Gorthcnis‚'pro
551 749 583 787 eo
608 731 681 804 quod
705 739 746 786 est
768 725 854 809 nopai
876 725 950 798 τοὺς
971 727 1168 804 Σεβοοαίοοζ,

147 835 290 893 perperam
313 818 413 891 legitur
435 811 520 895 παρὰ
544 809 616 882 τοὺς
634 809 806 892 Ἐβραίους.
850 816 915 871 Nam
939 824 966 872 et
988 817 1169 874 Damascenus

147 902 228 959 Libro
252 903 285 958 de
307 902 488 968 Haercsibus,
512 902 559 975 qui
582 901 648 956 nihil
671 900 743 955 aliud
766 909 807 955 est
830 919 910 975 quam
932 902 1074 975 Epiphanii
1097 906 1171 959 Ana-

148 988 342 1061 cephalaeosis,
366 988 458 1060 paucis
482 986 614 1059 ademptis
637 992 684 1040 aut
707 985 863 1052 immutatis,
886 987 922 1041 ita
945 995 976 1041 ut
998 1004 1080 1060 supra
1103 1005 1171 1061 pro-

59 1127 61 1132 .
107 1073 299 1146 mposuimus,
325 1071 480 1144 exscripsit:
503 1073 567 1128 licet
589 1071 693 1134 vitiose,
717 1078 748 1125 ut
770 1071 933 1136 monuimus,
957 1072 1103 1127 lebucscei
1119 1090 1169 1146 pro

77 1173 81 1183 ‘
146 1157 284 1216 Sebuaeis
316 1157 450 1230 legantur.
496 1155 678 1226 Quamobrem
711 1157 784 1227 quod
816 1155 982 1211 llssenorum
1014 1157 1169 1213 institutum

147 1242 230 1299 fuerit
258 1259 290 1297 en
318 1258 350 1297 eo
378 1241 438 1297 loco
469 1249 591 1306 constat;
621 1256 717 1313 nempe
745 1248 776 1294 ut
797 1257 827 1295 se
849 1241 876 1295 in
899 1250 1171 1315 utramquepartem

147 1335 287 1382 versantes
310 1329 343 1382 ad
365 1325 507 1382 amborum
530 1342 619 1381 mores
636 1325 916 1398 consuetudinemque
931 1326 1075 1399 fingerent.
1106 1327 1170 1384 ldeo

148 1412 303 1467 Gorthenos
327 1410 409 1476 solos,
433 1428 465 1466 ac
480 1412 625 1466 Dositheos
649 1426 710 1465 cum
726 1409 856 1465 Sebuaeis
875 1411 1025 1467 simultates
1041 1428 1171 1468 exercere

148 1496 222 1552 dixit.
254 1495 357 1565 Quibus
380 1495 570 1551 animadversis
593 1497 630 1551 ita
651 1494 727 1549 locus
751 1494 802 1550 iste
825 1495 1033 1551 conformandus
1050 1497 1115 1551 mibi
1130 1496 1172 1552 vi-

149 1581 243 1646 detur,
275 1572 311 1636 οὗ
333 1574 396 1654 μὴν
418 1576 608 1655 ἐπείσθησαν
629 1581 693 1644 τοῖς
715 1574 897 1650 Σεβοοαίοις
918 1577 949 1635 Γ
940 1577 1093 1679 aponum
1121 1577 1172 1637 καὶ

150 1659 179 1721 οἱ
201 1655 297 1722 ἄλλοι.
338 1657 479 1764 Ἐσσηνοὶ
509 1658 584 1720 δὲ
570 1655 657 1740 ayyic
677 1665 740 1720 τῶν
762 1655 864 1719 ἄλλων
884 1655 1033 1740 γινόμενοι
1056 1659 1096 1721 τὰ
1120 1659 1173 1722 ἴσα

149 1745 271 1816 ἐκείνοις
292 1740 488 1826 πράττουσιν.
524 1749 575 1805 Ubi
597 1767 659 1805 των
681 1737 784 1804 ἄλλων
798 1749 875 1804 idem
898 1758 940 1805 est
962 1758 1043 1822 atque
1066 1741 1172 1807 ἕκατί-

150 1852 223 1928 (1va
238 1836 448 1891 alterutrorum
474 1834 691 1890 CaeterumGort
692 1834 825 1889 benorum
842 1833 1001 1889 vocabulum
1017 1835 1089 1890 varie
1101 1836 1173 1892 solet

150 1918 271 1991 exprimi.
315 1919 381 1974 Nam
404 1928 451 1974 aut
474 1916 504 1974 Γ
503 1912 632 1996 ορθηνοι
657 1918 797 1983 dicuntur,
827 1927 874 1974 aut
896 1915 926 1974 Γ
925 1915 1098 1995 οοθοιιηνοι.
1141 1921 1172 1976 ln

147 2003 377 2077 Anacephalaeosi
400 2001 430 2059 Γ
429 1998 577 2081 οροθηνοὶ
605 2003 744 2066 mendose,
774 2013 805 2058 ut
833 2003 965 2071 arbitror;
997 2013 1078 2061 utet
1100 2005 1173 2078 apud

148 2086 295 2143 Eusebium
317 2086 348 2144 Γ
346 2083 518 2167 opiparum,
550 2087 582 2142 ab
606 2088 736 2151 authore,
761 2087 807 2160 qui
830 2084 859 2141 Γ
858 2087 989 2166 opimior
1010 2089 1171 2162 appellatur.

149 2173 237 2242 Quare
259 2169 290 2228 Γ
288 2168 451 2251 ορθαιηνοι
474 2173 575 2228 rectius
598 2172 704 2227 videtur
726 2172 872 2244 Scaligero

237 2258 318 2316 30b.
350 2254 400 2314 καὶ
430 2251 569 2333 νηστείας
593 2257 648 2331 τῆς
669 2274 732 2332 nup
766 2248 881 2329 αὐτοῖς]
919 2258 1108 2330 Expiationum
1130 2258 1173 2314 le-

149 2351 231 2409 stum,
254 2343 310 2399 sive
332 2343 501 2418 llippurim
495 2361 521 2398 in
523 2342 629 2416 telligit,
654 2342 727 2416 quod
754 2344 788 2398 10
813 2342 881 2397 Tisri
904 2343 1085 2399 celebrabant.

156 2445 159 2450 ’
235 2420 265 2483 οἳ
287 2424 321 2484 δὲ
343 2419 430 2485 ἄλλοι
454 2420 509 2501 οὐχ
532 2418 613 2484 οὕτω
632 2426 784 2500 ποιοῦσιν]
800 2418 904 2482 Ἄλλοι
920 2428 1021 2483 debent
1036 2445 1097 2483 esse
1114 2424 1172 2484 Σε-

149 2511 291 2585 βοοαΐοι,
321 2516 369 2570 sed
399 2532 450 2570 vox
470 2506 628 2587 Ἐσσηνοῖς
656 2511 822 2568 inducenda:
852 2521 899 2569 aut
928 2504 994 2568 ἀλλ’
1015 2504 1174 2586 Ἐσσηνοῖς

150 2595 340 2663 scribendum,
371 2598 433 2671 quia
462 2613 657 2670 nonnunquam
680 2597 775 2652 Esseni
803 2614 864 2653 cum
893 2598 944 2653 illis
967 2598 1070 2653 Pascha
1099 2597 1174 2654 cele·

111 2706 113 2709 ·
149 2676 239 2733 brant.
270 2680 370 2735 Verum
393 2698 456 2737 ecce
478 2683 511 2737 de
534 2683 643 2737 Essenis
667 2697 748 2753 supra
763 2681 842 2737 llaer.
856 2686 891 2738 10
913 2683 1035 2755 scripsit:
1059 2676 1173 2754 ἐνέμει-

151 2780 207 2816 ναν
232 2755 292 2839 γὰρ
322 2757 350 2818 οἳ
370 2756 508 2839 ’Ἐσσηνοὶ
536 2767 574 2842 τῇ
601 2758 709 2842 πρώτη
738 2756 841 2842 ἀγωγῇ
861 2761 958 2840 μηδὲν
978 2757 1174 2843 ὑπερβαλλό-

149 2861 250 2919 μενοι.1
289 2846 441 2919 ineptiore
463 2849 590 2904 instituto
609 2857 842 2920 permanserunt,
870 2852 951 2905 nolio
974 2851 1004 2904 in
1025 2867 1056 2905 re
1079 2859 1173 2907 trans·

149 2930 317 3002 predicator.
360 2931 409 2988 Hic
437 2940 542 2997 autem,
574 2940 602 2988 et
628 2933 656 2986 in
677 2934 906 3005 Anacephalaeosi
927 2935 1087 3007 plerumque
1111 2953 1174 2992 cum

151 3014 282 3071 Sebuaeis
304 3015 372 3072 festa
394 3024 570 3090 praepostere
594 3016 740 3072 celebrant.
775 3016 835 3085 Quo
859 3026 967 3074 teneam
988 3020 1095 3074 ceritum
1113 3038 1174 3076 mu·

152 3107 257 3156 tantem
271 3101 483 3157 Proieanodo?
512 3103 553 3157 An
576 3102 630 3157 duo
653 3101 897 3159 suntEssenorum
920 3121 1029 3178 genera,
1053 3113 1084 3160 ut
1107 3106 1175 3162 Seu-¹

151 3187 223 3242 rario
245 3185 355 3259 placuit,
379 3186 543 3243 reclamante
565 3184 724 3259 Scaligero‘l
753 3186 787 3242 Ut
808 3189 851 3244 alii
874 3207 934 3246 cum
958 3189 1104 3255 Sebuaeis,
1130 3189 1174 3246 alii

153 3287 214 3326 cum
242 3271 387 3328 Gorthenis
419 3280 446 3328 et
469 3270 605 3328 Dositheis
628 3271 790 3338 habitarint,
822 3282 849 3329 et
881 3292 976 3330 eorum
1010 3275 1173 3355 quibuscum

152 3357 283 3429 degerent
294 3357 363 3413 ritus
375 3357 403 3412 iu
417 3357 550 3414 obeundis
563 3358 692 3413 duntaxat
704 3357 862 3415 solennibus
881 3360 1060 3417 imitarentur.
1095 3359 1175 3428 Quod

152 3439 261 3513 quidem
289 3442 379 3498 studio
406 3442 481 3517 pacis
506 3460 537 3500 ac
559 3442 720 3499 concordiae
741 3443 860 3501 Essenos
881 3446 1050 3520 praestitisse
1074 3447 1174 3501 borum

153 3523 293 3598 disciplina
314 3530 469 3602 persuadet,
494 3545 564 3604 quae
586 3527 653 3584 nihil
673 3527 729 3584 otio
752 3545 783 3586 ac
798 3530 890 3606 quiete
905 3532 1041 3605 antiquius
1069 3528 1173 3586 habuit.
