2534 4154
440 335 516 385 acra
534 334 756 387 normanum.
1012 337 1113 399 xrxyuy

84 499 149 565 post
178 491 216 548 22
246 491 399 549 solitudinis
427 507 542 557 aunum,
571 491 599 547 id
627 501 669 548 est
696 508 796 548 annum
826 491 924 548 Christi
949 493 1025 556 323,
1055 493 1110 551 “de

82 576 162 650 Syria
192 584 220 631 et
241 577 363 650 Aegypto
391 577 424 632 ad
451 593 512 633 eom
542 577 664 633 certatim
687 578 780 650 populi
802 576 989 641 confluebant,
1020 578 1057 633 ita
1073 585 1111 636 >ut

82 661 164 717 multi
194 661 221 716 in
245 660 381 719 Christum
410 661 568 726 crederent,
597 669 624 718 et
653 679 683 717 se
711 662 858 718 monachos
888 662 1109 735 profiterentur’'.

83 746 304 810 Horumautem
327 747 460 803 crescenti
482 763 596 802 numero
622 747 712 819 potuit
734 764 763 802 se
786 747 904 802 iunxisse
927 746 1108 819 Epiphanius3

82 832 178 905 potuit
200 831 290 894 etiam,
317 848 378 888 mor
401 842 432 888 ut
453 832 533 888 rediit
553 832 580 886 in
604 832 715 905 patriam
739 833 826 888 vicum
849 831 984 904 recepisse
1007 849 1046 896 se,
1070 831 1111 887 si-

82 916 177 973 milem
199 925 311 971 acturus
333 917 422 981 vitam,
446 926 473 972 et
495 896 669 972 nihilominus
686 909 815 972 Hilarioni
836 916 971 990 frequenti
994 932 1111 972 conver-

84 1002 193 1057 satione
216 1000 301 1057 fuisse
323 1001 474 1068 familiaris3
498 1006 587 1074 quoad
610 1018 697 1073 usque
720 1001 773 1066 ille,
797 1002 894 1058 nimiae
912 1018 977 1056 suae
993 1000 1111 1057 celebri-

85 1087 150 1142 tatis
175 1095 327 1158 pertaesus,
352 1086 422 1142 eirca
444 1103 543 1142 annum
562 1088 620 1143 366
645 1086 765 1159 profugit
786 1086 989 1159 inaegyptum,
1013 1103 1044 1142 ac
1060 1087 1111 1143 de·

87 1172 173 1244 nique
201 1171 231 1226 in
253 1170 370 1244 Cyprum
398 1188 441 1227 an.
460 1173 519 1229 364
543 1170 589 1226 ubi
612 1188 672 1226 cunr
695 1171 765 1226 mori
786 1171 947 1244 contigisset
969 1171 1110 1229 Salaminis

84 1257 256 1329 episcopum,
281 1256 354 1311 haud
374 1255 494 1312 mirabor
516 1256 538 1311 si
561 1273 593 1311 ex
615 1256 758 1312 Hilarionis
782 1255 894 1311 consilio
917 1256 1071 1329 postulatus
1095 1273 1110 1315 e

83 1340 239 1397 Palaestina
261 1339 343 1397 fuerit
358 1341 538 1415 Epiphanius:
562 1341 608 1413 qui
630 1340 760 1396 libentius
783 1357 852 1395 onus
874 1340 946 1396 istud
961 1339 1109 1409 admiserit,

83 1442 120 1482 ne
141 1425 306 1481 brianonum
333 1435 501 1499 grassantem
532 1425 582 1481 sub
606 1426 717 1483 Valente
746 1424 914 1498 tyrannidem
937 1435 1060 1498 spectare
1083 1433 1112 1483 et

84 1511 225 1567 sustinere
247 1520 401 1583 cogeretur,
426 1519 454 1567 ct
475 1511 538 1585 quia
560 1520 679 1567 veterem
702 1510 848 1583 spiritualis
867 1510 935 1564 vitae
951 1510 1111 1582 magistrum

84 1605 133 1652 aut
155 1595 262 1651 socium
284 1595 321 1651 ibi
344 1604 417 1652 essct
438 1604 609 1668 reperturus,
634 1605 661 1652 et
684 1614 716 1651 eo
740 1595 828 1668 quoad
850 1594 950 1650 viveret
967 1594 1110 1651 fruiturus.
1145 1636 1146 1639 ,
1225 1585 1227 1590 ’

84 1681 155 1736 Viuit
179 1689 270 1736 autem
293 1679 413 1736 Hilarion
436 1681 578 1755 usquead
602 1698 702 1736 annum
724 1681 820 1736 aetatis
845 1681 893 1744 80,
918 1679 1016 1736 Christi
1039 1679 1111 1745 372,

84 1766 197 1839 quando
222 1764 275 1821 “de
304 1767 361 1821 cius
389 1765 513 1822 laudibus
539 1764 648 1821 brevem
672 1766 828 1839 epistolam”
851 1766 921 1821 idern
944 1763 1111 1838 Epiphanius

86 1850 245 1923 “scripsit'’
268 1850 338 1906 sicut
360 1851 386 1906 iu
415 1851 478 1908 Vita
493 1852 654 1906 Hilarionis
677 1859 793 1907 testatur
815 1850 843 1905 S.
860 1850 1055 1924 Hieronymus:
1079 1865 1112 1907 ex

85 1936 166 1991 cuius
189 1935 270 1990 etiam
293 1935 406 2009 epistola
430 1937 485 2000 ct,
514 1938 553 1990 od
574 1936 784 1991 Pammachiom
805 1935 949 1999 discimus,
982 1935 1056 2008 quod
1079 1951 1113 1991 eo

86 2028 235 2092 “tempore
262 2037 316 2092 quo
340 2029 428 2077 totum
451 2022 604 2086 Orientem,
635 2031 747 2094 excepto
770 2037 839 2095 papa
860 2021 1007 2076 Athanasio
1030 2031 1113 2097 atque

84 2104 219 2169 Paulino,
248 2105 408 2161 hriauorum
438 2115 519 2179 atquc
542 2107 772 2163 Eunomianorum
802 2106 922 2163 haeresis
945 2104 1112 2178 possidebat,

85 2188 198 2263 quando
221 2188 351 2246 loannes''
374 2191 463 2246 adhuc
486 2192 606 2264 privatus
631 2192 737 2257 (contra
760 2208 840 2264 quem
864 2199 959 2264 postea
981 2189 1114 2253 Hierososs

84 2274 247 2348 lymitanum
276 2276 434 2348 episcopum
464 2277 564 2349 scripta
585 2276 717 2349 Epistola)
746 2277 773 2331 in
802 2275 855 2333 lide
878 2274 1049 2330 dissimulans
1073 2271 1114 2328 vel

86 2358 226 2415 vacillans.
259 2359 496 2416 “occidentalibus
520 2369 546 2417 et
569 2361 595 2415 in
620 2361 707 2416 medio
731 2359 823 2416 exsilio
843 2358 1046 2426 confessoribus
1062 2356 1111 2415 SS.

85 2444 219 2517 Dionysio
240 2443 447 2510 Mediolanensi,
471 2445 589 2501 Eusebio
612 2445 789 2508 Vercelleusi,
814 2453 841 2499 et
863 2443 987 2499 Lucifero
1011 2442 1114 2515 Calari·

87 2539 170 2592 tarro,
200 2544 255 2584 non
283 2528 513 2596 communicabat}
541 2518 707 2603 Epiphanius
737 2530 777 2585 vel
800 2527 993 2601 presbyteria
1016 2544 1114 2585 mona-

86 2614 174 2672 sterio
204 2613 237 2669 ab
261 2613 392 2688 Eutychio
421 2613 581 2671 audiebatur
611 2615 713 2687 (magni
743 2614 838 2688 utique
867 2613 983 2683 nominis
1011 2613 1112 2687 aliquo,

87 2716 151 2755 eum
175 2698 291 2770 epistola
313 2699 364 2755 snb
387 2716 487 2755 annum
506 2702 564 2757 336
588 2699 764 2764 scriberetur,
789 2699 918 2773 episeopo
941 2708 988 2755 aut
1005 2697 1113 2765 abbata,

87 2781 208 2840 necdum
231 2792 321 2840 tamen
344 2784 451 2842 aliunde
474 2787 551 2856 noto)
575 2785 615 2841 rel
638 2793 733 2858 postea
756 2784 901 2858 episcopus
917 2783 1007 2858 Cypri,
1030 2784 1115 2841 aVa·

88 2868 165 2924 lente
185 2883 242 2924 non
265 2868 441 2942 tangebatur:
467 2878 556 2926 tautae
579 2870 650 2927 cuim
673 2869 852 2927 venerationis
875 2887 984 2942 semper
998 2869 1058 2934 fuit,
1082 2876 1113 2925 ut

88 2961 236 3026 regnantes
265 2953 395 3010 haeretici
420 2955 593 3028 ignominiam
623 2972 700 3011 snam
728 2964 857 3028 putarent
878 2955 900 3009 si
923 2954 1004 3010 talem
1026 2955 1114 3009 virum

87 3039 348 3110 persequerentur’.
384 3039 482 3109 Enalos
504 3049 595 3096 autem
617 3041 740 3097 vixerunt
762 3041 789 3096 in
810 3030 921 3095 Oriente
942 3039 1113 3094 confessores

88 3122 221 3196 praedicti
245 3121 277 3179 ab
300 3140 372 3180 auno
397 3126 457 3182 356
480 3124 513 3179 36
537 3127 608 3189 362,
632 3138 660 3182 et
676 3124 771 3182 Valens
794 3124 961 3181 orthodoxos
984 3131 1027 3178 cst
1048 3136 1114 3194 per-

52 3274 55 3278 .
87 3217 203 3264 secutus
226 3206 259 3263 ab
282 3225 354 3264 anno
378 3211 438 3266 366
461 3209 494 3264 36
518 3213 588 3267 375.
626 3209 702 3266 Unde
724 3210 837 3283 intelligi
860 3211 949 3272 datur,
972 3223 1026 3262 non
1051 3198 1115 3273 tari,-
1218 3277 1222 3282 ³

88 3301 147 3348 tum
176 3309 258 3365 quam
286 3293 391 3366 integra
422 3302 479 3351 toto
508 3294 553 3351 illo
583 3304 706 3369 tempore
727 3295 810 3351 fucrit
831 3292 972 3367 Epiphanii
994 3290 1115 3365 famant

88 3377 245 3446 veneratio;
275 3378 323 3434 sed
346 3379 426 3435 etiam
449 3380 596 3452 quodiam
619 3380 681 3435 inde
703 3379 736 3435 ab
760 3380 835 3436 initio
858 3376 1071 3451 persecutionis,
1099 3391 1115 3432 a
1180 3419 1182 3423 .

88 3462 251 3519 Constantio
274 3464 429 3529 suscitatae,
453 3463 597 3538 presbyter
618 3466 700 3521 fuerit
722 3471 909 3521 consecratus.

181 3548 229 3604 12.
260 3547 346 3604 Porro
369 3549 402 3605 de
424 3559 519 3606 mutua
540 3550 743 3607 inter-sanctos
765 3548 927 3604 Hilarioncm
952 3557 979 3605 et
994 3545 1115 3620 Epipha-
1175 3593 1179 3603 .

85 3632 165 3690 aium
187 3631 368 3691 familiaritate
390 3633 508 3691 habetur
528 3634 643 3709 insignis
664 3635 742 3692 locus
765 3634 791 3690 iu
814 3632 911 3691 libellis
933 3632 975 3689 Dc
1003 3632 1068 3692 Vito
1087 3637 1115 3687 et
