2534 4154
476 330 767 380 asmaoveasronas.
1073 315 1133 378 12ss

118 484 266 559 prodierit,
293 501 308 541 a
336 503 390 559 quo
413 486 566 542 lineratitae
593 487 724 559 originem
749 485 903 559 acceperint
925 485 976 541 sub
999 487 1135 543 Antonino

112 570 169 635 Pro,
193 570 367 643 qno'eodem
390 571 548 644 imperante,
572 580 654 645 atqne
676 588 747 627 anno
770 571 840 627 illins
869 576 903 627 ttl
920 571 1063 626 lluntanus
1085 590 1134 633 eu·

112 654 207 711 literit.
239 655 293 712 Sed
313 672 376 711 eum
400 673 431 711 ex
453 656 495 719 iis,
519 673 589 731 quae
603 657 684 729 paulo
701 668 763 712 ante
779 656 913 729 disputata
928 666 1001 719 sunt,
1025 666 1133 713 constet

111 740 244 795 lustinum
267 741 376 795 nonnisi
395 740 445 795 snb
463 742 550 796 llarco
568 741 675 796 Aurelio
693 759 801 813 passum
818 759 888 805 esse,
912 742 1051 797 'latianum
1068 760 1132 798 vero

108 825 249 898 aliquanto
271 825 350 883 etiam
373 836 468 898 postea
491 826 629 882 llaeresim
652 844 727 881 snam
750 826 912 892 condidisse,
935 827 1076 882 manifesta
1089 828 1133 883 hic

108 919 150 965 est
173 919 329 982 temporum
351 910 530 983 perturbatio.
563 910 639 979 ouon
659 912 690 966 ad
708 910 890 984 cataphrygas
906 920 1020 983 spectat.
1044 912 1132 968 Euse-

108 993 169 1050 bius
198 993 227 1050 in
250 992 350 1050 taron.
374 1011 445 1050 anno
468 994 501 1051 M.
527 996 628 1050 Aurelii
653 999 686 1052 11
719 995 813 1051 scribit
836 996 1036 1069 cataphrygum
1059 997 1132 1053 llae-

108 1079 192 1136 resim
214 1080 331 1135 authore
356 1079 483 1136 llontano
508 1089 535 1135 et
559 1080 677 1136 Priscilla
701 1097 732 1136 ac
756 1080 895 1136 Maximilla
919 1081 1057 1136 exordium
1082 1084 1132 1138 ha-

108 1162 213 1220 buisse.
253 1163 322 1220 'lum
344 1181 414 1220 anno
437 1166 569 1238 aequente
591 1166 741 1222 Encratitas
763 1165 873 1220 Tatiano
897 1165 964 1221 duce
987 1167 1130 1239 prodiisse.

107 1248 184 1317 Quae
212 1249 236 1304 si
263 1266 326 1324 vera
353 1259 433 1313 snut,
463 1250 564 1306 'lationi
592 1258 620 1305 et
647 1250 844 1306 Eneratitarum
873 1251 982 1305 Haeresi
1011 1252 1129 1323 priorem

108 1342 220 1406 oportet
243 1351 304 1390 esse
330 1334 528 1409 Cataphrygum
552 1335 699 1400 haeresim,
724 1345 817 1390 contro
840 1335 993 1391 institutum
1016 1335 1049 1391 ab
1064 1337 1170 1408 Epi-85

108 1418 210 1492 phanio
232 1419 365 1484 ordinem,
389 1436 419 1476 ac
440 1421 491 1475 sub
514 1419 623 1476 Aurelio
646 1422 775 1476 duntaxat
797 1419 962 1493 lmperatnre
984 1421 1114 1476 extitisse.

196 1507 257 1562 toa
274 1521 298 1560 a.
330 1497 380 1579 ἔτη
408 1498 468 1580 γάρ
497 1501 571 1560 εἰσιν
598 1498 712 1578 ἔκτοτε]
751 1505 849 1561 Vitium
878 1505 904 1560 in
934 1523 1054 1560 numeris
1077 1515 1128 1562 est.

107 1591 202 1644 Annus
225 1589 354 1646 Antonini
381 1592 416 1647 19
440 1591 567 1663 congruit
589 1607 661 1647 anno
678 1591 777 1646 Christi
797 1593 871 1647 156:
894 1608 980 1647 annus
1002 1591 1130 1646 veroVa·

107 1672 249 1729 lentiniani
270 1677 304 1730 12
328 1675 453 1730 convenit
469 1675 568 1730 Christi
585 1677 655 1733 375.
686 1675 833 1731 Discrimen
850 1684 893 1731 est
906 1693 1039 1732 annorum
1057 1677 1128 1733 220.

109 1758 202 1832 ltaque
230 1774 280 1831 pro
311 1754 452 1816 διακόσια
475 1750 681 1834 ἐννενήκοντα,
711 1759 882 1816 scribendum
916 1761 965 1816 luit
988 1754 1131 1818 διακόσια

106 1835 211 1899 εἴκοσι.

194 1930 256 1984 405
270 1926 300 1984 h.
327 1919 483 2004 γινώσκων
503 1924 561 2005 γὰρ
584 1923 641 2004 τὴν
663 1923 700 1994 δι’,
725 1920 864 2004 ἀπειλήν]
896 1931 935 1986 Ile
957 1931 1010 1986 hoc
1032 1930 1129 1993 diuini-

106 2020 149 2068 tus
174 2012 248 2068 edito
263 2014 417 2087 Prophetae
441 2016 565 2071 mandato
589 2015 702 2070 consule
719 2032 789 2090 quae
804 2033 819 2070 a
836 2016 980 2072 Sacrorum
996 2015 1128 2072 librorum

106 2096 304 2171 interpretibus
327 2099 464 2155 uberrime
487 2101 668 2173 disputantur.

194 2186 254 2240 409
271 2201 296 2238 a.
327 2176 369 2250 ὡς
398 2177 413 2241 ὁ
441 2182 583 2259 Μωυσῆς
610 2180 715 2261 φησίν]
754 2185 831 2253 Quod
860 2194 988 2259 tanquam
1016 2186 1128 2240 allose

106 2268 210 2324 dictum
233 2268 332 2324 Paulus
361 2269 393 2324 ad
422 2269 504 2324 Hebr.
528 2288 551 2326 c.
567 2272 600 2326 12
624 2278 833 2333 commemorat,
863 2286 952 2342 neque
981 2279 1072 2325 tamen
1100 2271 1127 2324 in

105 2362 197 2410 vetere
220 2354 404 2411 lustramenta
427 2354 536 2427 legitur.
567 2355 700 2427 Pleraque
723 2355 804 2417 enim,
829 2363 859 2408 ut
881 2353 1008 2409 observat
1029 2354 1128 2410 Hiero·

104 2455 213 2512 opinus,
237 2438 264 2493 in
287 2440 338 2495 hac
352 2439 472 2512 Epistola
495 2439 571 2512 quasi
594 2440 627 2494 de
642 2449 735 2494 vetere
750 2439 923 2493 Testamento
939 2438 1125 2511 proferuntur,

105 2538 176 2596 quiae
197 2524 225 2578 in
248 2523 294 2578 illo
316 2525 425 2579 minime
448 2524 631 2597 reperiuntur.

192 2611 254 2665 410
270 2625 295 2663 a.
323 2601 343 2683 ἡ
367 2604 400 2664 δὲ
422 2601 494 2683 ἁγία
516 2603 669 2682 ἐκκλησία]
695 2608 792 2663 Totum
815 2608 868 2662 hoc
890 2617 971 2681 caput
993 2609 1126 2681 insignem
1145 2632 1149 2647 ¹

105 2693 188 2749 hehet
216 2710 296 2748 usum
325 2695 357 2749 ad
381 2694 548 2750 Catholicum
575 2694 672 2766 dogma
695 2693 727 2748 ab
751 2693 954 2750 llaereticorum
977 2694 1073 2749 invidia
1095 2712 1127 2751 ao

106 2778 239 2836 calumnia
261 2779 458 2843 vindicandum,
482 2780 528 2853 qui
552 2779 713 2835 atmodum
739 2778 843 2834 nullum
866 2795 897 2834 ac
912 2779 1126 2836 moderationem
1220 2814 1222 2818 -

105 2865 235 2928 retinent,
258 2880 320 2919 cum
342 2863 375 2919 ab
391 2865 510 2920 Ecclesia
531 2864 713 2921 commendari
736 2865 844 2936 quidem
867 2865 985 2938 nuptias,
1009 2865 1056 2920 sed
1071 2865 1127 2919 vir-

105 2938 253 3021 ginitatem'
268 2949 516 3024 continentiamque
538 2949 668 3022 praeferri
691 2949 790 3013 rident,
815 2950 964 3005 exclamant
986 2950 1074 3013 illico,
1099 2958 1126 3004 et

107 3034 131 3090 in
155 3033 430 3089 conventiculissnis
457 3035 526 3107 apud
549 3033 689 3107 irnperitos
711 3033 856 3107 perfidiose
879 3052 910 3089 ac
933 3035 1030 3089 stolide
1051 3036 1127 3088 voci-

106 3117 237 3181 ferantur,
261 3118 380 3174 damnari
403 3118 580 3175 adatholicis
603 3120 720 3192 nuptias,
743 3119 919 3175 acerborum
941 3135 993 3173 usn
1017 3118 1125 3191 penitus

104 3202 238 3259 interdici.

104 3334 108 3340 .
191 3287 297 3345 4161).
324 3282 377 3342 ἵνα
399 3281 432 3343 δὲ
453 3282 550 3362 μηδὲν
564 3284 810 3360 καταλειῆαιαμεκ]
835 3287 1023 3342 Theodoretus
1037 3289 1125 3342 Asco-

105 3371 210 3437 drntas,
232 3373 273 3428 vel
294 3373 503 3445 Aaoodrnpitae,
533 3374 588 3429 sive
611 3373 818 3444 'loscodrupitas
840 3371 971 3444 appellat,
995 3372 1040 3444 qui
1062 3372 1125 3427 illo-

105 3473 164 3514 anni
188 3458 314 3530 dogmata
337 3457 460 3530 pluribus
484 3459 634 3532 exequitur.
665 3456 825 3512 Philastrius
847 3473 911 3512 vero
934 3457 1124 3530 ascodrogitae

105 3542 384 3614 aPaasalorynohitis
409 3542 537 3598 secernit.

191 3621 304 3694 τασκὸς
324 3619 395 3705 παρ’
414 3620 519 3695 αὐτοῖς
539 3618 708 3699 πάσσαλος]
732 3626 859 3700 Drungus
874 3643 924 3683 vox
939 3635 982 3683 eet
996 3645 1012 3684 a
1026 3645 1125 3685 recen-
