2534 4154
460 300 772 360 lctl'etttttdttttttt.
1091 308 1129 352 tv

112 462 209 521 aroris
230 469 313 535 atque
333 454 452 520 damuati
472 463 590 536 pudeat.
604 463 685 521 «Sint
695 468 779 529 sene,
786 471 827 520 ut
838 471 912 530 sunt
931 454 1125 521 sermionem

110 542 248 613 ὴιόιοίίιιὶξ
263 540 325 603 sint
345 547 515 621 perticaem3
542 546 677 626 iidemque
698 566 742 606 se
750 548 783 605 in
800 549 860 623 ipso
882 542 980 606 e'rdore
1000 549 1128 623 agitatio·

109 648 200 708 neque
226 630 381 727 disputandi
402 632 436 688 td
457 630 638 715 resistendum
660 635 749 692 actius
770 634 904 713 ιὶιιειιιιῑ,·
920 624 1011 713 tamen
1032 632 1128 709 quiid

108 716 366 791 elementumque
388 717 470 775 certis
490 727 613 775 veterum
634 719 797 776 testimoniis
820 719 992 794 compererit,
1011 724 1079 775 ante
1093 717 1126 775 ah

105 800 225 878 aetionis
239 801 371 857 Patribus·
387 809 417 858 et
434 802 559 859 consiliis
580 802 746 878 publicoque
761 803 975 860 Christianorum
991 808 1127 861 couseirsu

105 887 195 962 agnita
219 902 251 943 ae
272 885 413 959 repudiata
431 886 559 968 demta
580 886 641 954 itta,
657 880 738 963 quam
761 888 798 945 illi
820 889 871 963 ipsi
894 891 975 963 (quei
991 889 1127 965 sequitur}

104 968 325 1046 interpolatores·
339 970 517 1037 exsisterent:
531 973 588 1029 'eis
610 973 677 1039 erit,
705 973 817 1048 opinor,
848 973 935 1038 ullus,
959 972 1051 1038 cuius,
1074 973 1127 1030 nisi

104 1057 191 1131 imagi
215 1055 404 1129 edomarique
411 1057 596 1114 contumacia
602 1058 732 1131 potuerit,
757 1072 811 1114 non
829 1058 1012 1132 languidiores
1028 1057 1127 1115 lrabeat

103 1141 264 1216 eruptiones
288 1148 322 1199 ct
335 1140 467 1216 impetus,¹
487 1156 534 1199 ee
543 1142 670 1217 paulatim
694 1142 883 1245 perseipsum
903 1142 1060 1252 refrigerata
1083 1151 1127 1200 at-

103 1241 157 1301 que
185 1234 314 1283 enervata
341 1226 490 1329 concidat...
1123 1238 1127 1255 ·

536 1462 644 1521 CAPUT
666 1463 696 1524 v,

103 1580 256 1645 ,Extrema
275 1583 371 1649 sancti
392 1560 459 1639 acte
481 1556 740 1658 constantinopol&
761 1600 836 1640 mors
858 1584 888 1640 ia
910 1576 1003 1672 reditu
1024 1578 1128 1671 ahiem]

143 1764 146 1769 ·
191 1735 242 1793 85.
288 1733 358 1803 Quid
384 1734 419 1791 de
441 1735 565 1809 Origeuis
591 1735 668 1792 libris
689 1730 770 1813 ssepi
792 1727 897 1812 ἀρχῶν
923 1735 1038 1815 schtiret
1055 1733 1128 1809 epia

105 1819 232 1894 pharius,
251 1820 322 1877 satis
343 1819 486 1877 declaravit
506 1837 558 1894 per
578 1819 736 1893 Epistulam
758 1823 796 1877 ad
811 1821 946 1877 Ioannem
960 1820 1126 1892 Hierosoly·

103 1905 251 1970 edmarum,
273 1905 353 1960 ouius
373 1920 455 1979 supra
477 1904 591 1963 ieoimm
612 1906 788 1963 mentionem.
819 1906 887 1961 hum
909 1914 999 1962 autem
1020 1906 1072 1962 hac
1094 1920 1127 1962 ex

105 2006 186 2047 musa
208 1988 408 2063 disputationes
429 1992 456 2047 in
479 1989 629 2047 Palaestina
651 1991 800 2056 ferverent,
823 1990 937 2065 contigit
960 1991 1039 2047 etiam
1062 1988 1129 2046 hle-

105 2074 231 2131 tandriae
254 2074 405 2131 simultates
427 2075 502 2131 nasei
523 2075 596 2131 inter
608 2075 789 2150 Theophilum
804 2075 977 2133 Alexandriae
998 2084 1029 2131 et
1046 2075 1127 2131 Dios·

106 2174 202 2217 eorum
222 2158 420 2233 llermmteleos
442 2160 611 2234 episcopum,
634 2169 716 2236 atque
738 2161 819 2217 huius
842 2161 939 2217 iratres
954 2160 1126 2216 immanium

106 2254 133 2300 et
153 2242 303 2301 llusehium
326 2246 508 2317 cognomento
524 2245 641 2319 Longos,
666 2245 777 2302 tetidem
800 2245 1027 2302 monasteriorum
1045 2246 1127 2316 prae-

106 2328 223 2392 lectum·
239 2345 309 2401 quos
336 2344 399 2391 cum
427 2330 544 2403 primum
573 2347 650 2387 caros
672 2330 819 2386 habuisset
841 2328 1024 2401 Theophilus,
1038 2326 1127 2384 haud

106 2413 241 2470 inmerito
270 2413 368 2471 deinde
395 2431 410 2469 a
435 2431 466 2471 se
489 2422 597 2471 aversos
620 2424 702 2491 atque
722 2416 756 2471 ad
777 2412 951 2469 solitudinem
973 2428 1124 2486 regressos,

106 2498 235 2572 persequi
256 2497 344 2555 modis
366 2498 492 2557 amadeus
514 2499 624 2566 statuit;
650 2508 679 2556 et
700 2514 754 2572 quo
778 2497 955 2571 simpliciores
976 2492 1130 2571 monachos

78 2622 80 2632 .
107 2582 139 2639 ab
160 2583 259 2639 iisdem
282 2583 462 2723 agetraheree
486 2583 595 2656 culpare
618 2583 645 2638 in
669 2584 707 2639 eis
730 2582 920 2656 praesumpsit,
944 2583 1018 2658 qued
1041 2582 1126 2638 lleuitt

107 2667 226 2724 humana
247 2667 290 2724 ior
318 2685 333 2725 a
354 2669 506 2742 praeditum
525 2668 669 2742 negarent,
694 2668 816 2742 origenis
829 2669 991 2742 praesertim
1007 2667 1128 2725 auctori-

108 2761 161 2810 tate
180 2751 298 2809 vsuihrlti.
336 2752 515 2811 Gumautem
538 2769 585 2809 eos
609 2753 870 2827 Constantinopolim
892 2753 925 2811 ad
948 2753 981 2810 S.'
997 2754 1127 2811 loannem

109 2835 332 2911 chrysostomum
354 2838 509 2912 conlegisse
530 2838 716 2904 intellexisset,
740 2846 820 2912 atque
843 2837 878 2895 uh'
899 2830 1133 2912 heosuscepto's3·

108 2923 238 2996 cogitare·
250 2916 349 2996 coepit,
372 2924 460 2999 inquit
475 2924 644 2980 Sozomenus
666 2924 712 2980 lih.
728 2924 784 2979 Vlll
800 2937 865 2997 cap.
888 2924 922 2982 te
946 2932 974 2980 ct
988 2924 1126 2995 deinceps,

109 3014 182 3080 “que
211 3007 316 3063 ratione
345 3009 473 3064 loannem
501 3024 610 3083 quoque
639 3009 729 3083 ipsum
751 3007 785 3063 ab
807 3009 966 3083 episcopatu
989 3008 1133 3079 deiiceret·

107 3091 208 3149 ilerum
236 3091 304 3149 haee
330 3093 358 3148 in
386 3093 482 3150 intimo
509 3093 627 3168 pectoris
656 3094 698 3149 sui
719 3108 831 3166 recessu
853 3093 991 3149 occultans
1014 3106 1044 3147 ac
1065 3095 1136 3144 ruo-³

106 3176 187 3241 heus,
209 3176 331 3251 scripsit·
346 3177 453 3234 interim
475 3178 508 3234 ad
531 3190 625 3235 omnes
647 3177 749 3252 ubique
770 3177 893 3234 locorum
916 3176 1058 3250 episcopos
1081 3166 1133 3229 tit-³

107 3269 191 3326 teres,
213 3261 314 3334 quibus
336 3256 419 3320 libros
442 3263 565 3337 Origcuis
587 3262 815 3336 reprehendebat.
855 3261 979 3336 dumque
1000 3258 1135 3316 conside·

105 3355 185 3407 reret·
209 3363 307 3420 magno
334 3347 386 3404 sihi
409 3349 592 3405 emolumento
614 3342 695 3414 iore,¹
718 3347 739 3402 si
763 3345 957 3420 Epiphanium,
987 3343 1135 3401 Salaminis·

106 3431 134 3488 in
158 3431 248 3504 Cypro
270 3433 437 3506 episcopum,
459 3433 618 3507 participem
641 3442 669 3490 et
690 3439 846 3489 consortem
869 3429 1043 3487 consiliorum
1059 3443 1127 3486 suo-

106 3533 169 3572 rum
192 3515 320 3581 haberet,
350 3518 435 3574 virum
463 3517 498 3574 eb
522 3517 626 3574 virtutis
648 3514 826 3574 reverentiam
848 3513 969 3571 omnium
988 3511 1034 3572 'sui
1056 3523 1128 3573 teru-

106 3601 183 3675 poris
204 3601 398 3670 clarissimum
422 3618 483 3660 eum
506 3602 557 3658 sihi
580 3604 693 3660 amicum
716 3598 835 3657 adiunxit
848 3599 918 3657 ...”
