2534 4154
468 338 757 397 nmmovmsrones
1080 323 1121 388 815
1161 352 1163 356 ⁸

110 494 231 568 explicari
252 493 333 550 verba
351 493 406 570 ista
428 503 558 568 possunt:
588 495 643 550 sive
666 512 698 551 eo
721 512 817 558 sensu,
842 511 922 569 quern
945 495 1120 563 reddidimus,

108 581 158 635 sive
176 595 257 653 quem
274 579 419 635 Coruarins
436 580 582 652 expressit:
606 578 654 636 Sic
669 580 743 635 enim
757 596 786 635 se
799 580 896 650 facere
907 582 1120 652 praetendebat.
1191 624 1200 643 .

189 659 239 719 καὶ
255 655 420 733 Άζαυιτῶν
441 664 503 720 τῶν
519 654 736 741 ποράὖτοῖς]
764 665 854 720 ludaei
877 677 927 740 prm
951 673 1047 721 vocant
1068 666 1122 740 Syss

104 765 223 823 nagogae
245 749 408 813 ministrum,
432 749 473 804 vel
496 749 642 805 aedituum.
672 749 736 804 Vide
759 749 841 805 liliam
864 750 891 804 in
915 748 1017 805 Thisbi.

192 835 250 892 135
267 833 292 888 d.
324 824 443 907 κόμητα
465 827 524 910 γὰρ
547 825 642 889 αὐτὸν
663 828 841 908 κατέστησε]
876 833 1017 890 Comitum
1032 836 1123 909 digni·
1154 834 1160 841 ’

104 929 143 975 tas
165 919 256 974 nudus
279 918 338 973 sine
360 919 517 991 magistratu
541 935 571 974 ac
593 918 732 974 functione
754 919 915 992 plerumque
936 921 1032 976 titulus
1061 921 1120 986 fuit,

103 1012 133 1059 ut
154 1019 187 1059 ex
212 1002 401 1058 Theodosiano
425 1003 521 1059 Codice
551 1013 665 1059 constat.
710 1002 785 1059 Hauc
808 1003 999 1060 Constantinus
1021 1005 1123 1078 plenis·-
1213 994 1217 1002 ’

103 1105 164 1161 que,
188 1097 219 1145 ut
241 1087 325 1143 refert
346 1087 489 1152 Eusebius,
513 1088 656 1145 concessit.
697 1087 795 1143 Eadem
817 1106 868 1161 per
888 1089 1049 1145 honorarios
1072 1106 1122 1147 co-

103 1173 205 1229 dicillos
228 1190 242 1227 a
266 1172 390 1244 Principe
413 1172 612 1228 conferebatur.
644 1173 701 1240 Qua
723 1172 757 1228 de
780 1189 809 1228 re
832 1173 865 1228 ad
888 1173 1027 1230 Themistii
1050 1179 1120 1234 or.4
1163 1173 1166 1181 ¹

102 1257 233 1331 pluribus>
248 1257 451 1330 disputavimus,
482 1256 529 1312 ubi
552 1257 683 1313 eiusmodi
705 1257 819 1313 codicilli
843 1251 942 1313 δέλτοι
958 1251 1121 1335 σφυρήλα-

101 1359 146 1398 τοι
169 1342 341 1415 appellantur
362 1341 549 1397 al'hemistio.
580 1343 609 1397 ln
632 1360 686 1417 quo
708 1341 820 1397 ridicula
843 1352 885 1399 est
899 1343 1032 1416 Anonymi
1052 1360 1122 1400 con-

102 1427 221 1491 iectoris,
245 1427 291 1499 qui
314 1427 347 1482 de
363 1426 560 1482 suburbicariis
584 1443 671 1499 nuper
685 1427 801 1500 scripsit,
825 1428 966 1483 oscitantia
985 1428 1120 1501 compari

102 1511 268 1585 impudentia
291 1512 444 1567 coniuncta.
476 1512 627 1584 Scripserat
642 1512 840 1568 Themistiusd
864 1507 971 1584 ΜΠ,
994 1529 1033 1576 se,
1058 1528 1120 1568 curn

102 1605 195 1669 posset
218 1596 344 1651 omnibus
366 1595 417 1651 illis
441 1613 472 1652 en
493 1597 666 1669 Imperatoris
687 1596 847 1652 liberalitate
862 1597 1009 1653 commodis
1024 1613 1055 1651 ac
1070 1613 1121 1652 vo-

102 1679 250 1753 luptatibus
278 1680 430 1755 delitiisque
463 1682 578 1754 perfrui,
606 1672 704 1738 δττόσυ
726 1685 793 1748 ταῖς
815 1675 932 1747 δέλτοις
952 1671 1126 1737 ἀκολουθεῖ

101 1768 169 1831 ταῖς
190 1756 414 1842 σφυρηλάτοις,
438 1767 491 1821 hoc
514 1776 564 1830 est,
592 1781 664 1837 qnae
687 1767 800 1822 tubulos
823 1767 890 1821 illos
913 1773 1121 1838 consequuntur

101 1852 202 1907 malleo
225 1851 356 1914 ductiles,
386 1849 574 1906 communibus
603 1851 653 1906 illis
683 1850 816 1906 fructibus
844 1851 927 1907 fuisse
949 1859 1118 1918 contentum,

101 1952 170 2009 quos
193 1935 263 1990 cives
286 1935 386 1991 caeleri
407 1935 522 2007 publicis
545 1936 656 1991 tesseris
679 1945 760 2009 atque
782 1936 954 2009 lmperatoris
976 1935 1121 2010 largitione

101 2029 344 2092 consequerentur.
381 2018 438 2074 Hoc
460 2020 487 2075 in
510 2021 570 2076 loco
594 2015 719 2087 δέλτους
740 2015 959 2098 σφυρηλάτους
981 2020 1121 2078 coniector

100 2105 168 2160 nihil
190 2100 262 2160 aliud
283 2120 364 2176 qnam
386 2112 504 2160 tesseras
528 2122 588 2161 esse
605 2106 753 2162 contendit.
785 2106 882 2162 Verum
899 2105 963 2180 qnid
978 2123 1039 2161 esse
1054 2115 1120 2178 pot-

102 2199 142 2245 est
171 2188 314 2245 absurdius
343 2206 424 2262 quam
453 2207 485 2253 er
513 2191 623 2246 tesseris
646 2190 697 2245 illis
720 2191 901 2246 frumentariis
923 2190 1034 2245 credere
1055 2207 1121 2262 μα-

101 2269 175 2350 κρδν
202 2272 277 2328 illum
306 2267 477 2349 κατάλογον
503 2276 559 2350 τῆς
585 2277 705 2352 τρυφῆς
733 2270 783 2330 καὶ
805 2276 862 2350 τῆς
882 2265 1049 2341 εὐπαθείας
1071 2281 1120 2328 re·'

101 2359 221 2416 dundare
244 2356 347 2431 posse‘l
375 2358 537 2415 Praesertim
561 2377 631 2422 cum,
655 2360 695 2415 uti
717 2359 778 2424 dixi,
802 2367 966 2415 tesserarum
982 2355 1026 2412 illa
1041 2372 1120 2413 com-

98 2444 188 2509 moda,
211 2460 280 2515 quae
303 2459 364 2498 cum
386 2444 500 2499 caeteris
519 2444 671 2500 communia
687 2450 803 2519 caperet,
827 2442 879 2497 illis
895 2449 1023 2515 opponat,
1047 2457 1119 2516 quae

100 2530 167 2595 ταῖς
189 2522 306 2594 δέλτοις
328 2519 500 2582 ἀκολουθεῖ
517 2530 584 2594 τοῖς
606 2518 822 2604 σφυρηλάτοις.
867 2528 923 2600 Age
945 2543 1024 2591 vero,
1056 2543 1119 2583 eum

101 2615 176 2668 or.6
199 2629 227 2686 p.
244 2614 301 2669 166
331 2620 411 2686 negat
438 2602 482 2668 ἐπ’
510 2607 606 2690 ἐκείνῃ
633 2613 676 2690 τῇ
701 2606 812 2692 δέλτῳ,
848 2628 900 2685 qua
925 2606 1118 2688 πολιαρχιάν,

100 2697 152 2753 hoc
183 2705 225 2752 est
246 2696 325 2753 Urbis
347 2697 546 2752 Praefecturam
578 2697 746 2761 obtinuerat,
775 2696 883 2770 gloriari
907 2713 983 2760 sese,
1013 2697 1061 2752 sed
1084 2697 1123 2758 de¹

102 2782 149 2837 alia
171 2781 272 2855 potins,
295 2772 334 2855 ἣν
356 2772 411 2836 οὐκ
433 2776 579 2857 ἐποίησαν
600 2776 833 2859 ἐλτφαντουργοὶ
857 2773 928 2837 οὐδὲ
939 2772 1118 2858 χρυσοχόοι,

101 2867 152 2923 hoc
181 2875 223 2922 est
244 2867 416 2938 Imperatoris
440 2867 510 2931 filio,
540 2884 621 2940 quem
643 2865 740 2941 parens
762 2867 825 2923 fidei
847 2883 912 2922 suae
935 2867 1116 2931 commiserat,

102 2960 182 3007 estne·
201 2960 232 3006 ut
253 2951 454 3006 frumentariam
478 2961 607 3008 tesseram
630 2952 768 3008 coniector
789 2953 834 3008 hic
856 2949 991 3007 somniet?
1035 2951 1069 3006 Ut
1083 2951 1118 3006 ad

100 3036 245 3109 losephum
269 3035 391 3099 redeam,
417 3037 592 3093 confertum
615 3038 749 3094 hocloco
772 3053 841 3110 quae
863 3035 995 3091 Eusebius
1020 3033 1115 3093 20t13

102 3120 132 3176 de
161 3120 214 3176 vita
238 3120 405 3176 Constantini
428 3122 520 3186 refert,
551 3131 651 3194 quanto
675 3123 719 3177 hic
741 3117 991 3177 constituendarum
1014 3117 1117 3190 ubique

101 3204 281 3262 Ecclesiarum
305 3205 395 3260 studio
417 3205 578 3279 flagraverit,
602 3216 686 3279 utque
709 3205 816 3261 easdem
831 3203 946 3278 publicis
961 3201 1116 3275 sumptibus

101 3289 269 3346 exaedificari
291 3289 414 3344 voluerit.

187 3376 245 3432 136
268 3374 293 3429 d.
339 3365 536 3448 Κακούβιον]
581 3375 662 3430 Forte
696 3363 901 3445 Κουκούμιον.
946 3370 1033 3427 Habes
1070 3371 1116 3428 hic

100 3475 184 3533 aquae
213 3458 402 3528 benedictione
432 3469 605 3516 consecratae
628 3475 706 3514 usum
728 3457 860 3530 insignem
884 3465 964 3530 atque
986 3457 1114 3513 fructum.

101 3543 156 3609 Cui,
181 3561 242 3600 cum
265 3545 331 3600 haec
354 3543 510 3609 scriberem,
538 3544 617 3600 affine
638 3542 762 3618 quiddam
785 3558 815 3597 ac
837 3541 974 3615 geminum
996 3543 1116 3599 occurrit

98 3629 168 3703 apud
192 3629 319 3686 Photium
341 3647 368 3684 n.
386 3631 424 3687 96
448 3645 480 3684 en
503 3630 619 3703 Georgio
641 3625 818 3683 Alexandrino
840 3627 867 3682 in
893 3627 966 3703 Actis
982 3626 1009 3684 S.
1027 3627 1115 3701 Chry-
