2534 4154
159 330 220 394 tab
612 344 728 396 matun
798 370 803 379 ·

245 502 304 558 525
321 518 345 557 a.
377 489 443 557 ἀλλ’
459 491 517 556 οὐκ
539 492 653 574 ὶῇιεινεν
670 491 772 580 αὐτῷ]
801 500 876 557 blane
892 501 1027 576 Origenis·
1039 503 1184 563 historiam

157 603 188 643 ae
209 586 315 660 lapsum
337 594 465 642 revocant
486 586 514 642 in
536 585 648 641 dubiam
670 586 788 642 Annales
811 584 1001 652 beelesiastiei,
1026 604 1097 646 anno
1120 592 1183 651 25³

157 688 232 728 num.
246 673 303 730 120
331 678 359 727 et
388 671 531 744 deineeps:
561 671 632 736 imo,
664 671 737 744 quod
760 670 876 745 amptius
900 679 950 736 est,
973 671 1065 729 looum
1087 675 1183 742 istum,

157 772 213 832 quo
235 757 353 813 narratio
375 755 420 812 illa
442 755 613 821 continetur,
637 765 795 829 suspectum
817 755 949 823 reddunt,
973 758 1051 832 quasi
1074 759 1184 817 abab¹²

157 835 212 916 quo
240 857 384 916 perperam
412 840 447 896 sit
474 839 604 897 insertus.
650 840 772 909 Quorum
800 841 854 898 hoe
875 843 1013 915 posterius
1030 840 1184 918 >perspicue

105 927 263 992 assensum,
287 927 402 983 aiterum
424 940 479 982 non
493 926 568 982 -satis
588 925 750 998 probatum,
773 934 921 1000 utrumque
943 924 1090 985 levioribus
1112 926 1184 987 moi
1207 925 1211 934 '

157 1012 269 1068 iacturis
290 1011 410 1067 innixum
434 1019 476 1067 est
498 1026 580 1084 quam
605 1019 638 1066 ut
663 1010 846 1067 vetustissimo
869 1012 1097 1086 sanctissimoque
1107 1015 1182 1073 Patri

158 1097 224 1154 tides
247 1098 297 1154 hae
319 1097 346 1152 in
368 1105 445 1170 parte
466 1095 625 1170 derogetttr.
655 1095 845 1152 Commentum
860 1104 911 1161 est,
935 1097 1184 1170 inquiant‚··et·ai*

120 1218 122 1222 «
157 1184 255 1240 tentata
278 1181 430 1247 ‘calumnia
460 1181 535 1254 quod
561 1179 596 1236 de
619 1180 742 1254 origenis
771 1180 849 1255 lapsu
876 1182 1051 1239 auonnullis
1073 1182 1182 1243 taeitos

159 1269 214 1325 Gur
234 1268 271 1324 ita
292 1261 422 1324 tandem?
466 1266 598 1335 Quoniam
621 1264 790 1339 Scriptorum
813 1273 934 1322 veterum
957 1282 1047 1333 nemo,
1069 1269 1119 1342 qui
1141 1266 1183 1328 eet

157 1370 208 1428 pro
224 1353 341 1426 Origene
356 1350 503 1425 Apologias
526 1351 677 1414 ediderunt,
701 1351 742 1407 vei
765 1351 854 1424 ipsurn
877 1368 893 1407 e
915 1353 1052 1408 contrario
1072 1354 1183 1429 seriptis

158 1439 214 1494 suis
237 1445 440 1512 oppugnarunt,
464 1436 523 1492 eius
545 1435 585 1491 rei
606 1435 738 1491 meminit.
768 1435 851 1508 Atqui
866 1452 917 1492 nos
932 1436 1113 1511 Epiphaniam
1129 1456 1184 1514 op-

157 1524 298 1598 ponimus,
330 1538 384 1596 quo
413 1536 503 1594 neque
525 1521 706 1594 antiquiorem
729 1521 902 1585 authorem,
916 1538 1008 1595 neque
1029 1523 1183 1596 graviorem

157 1609 297 1682 requirere
319 1606 465 1672 debemus3
489 1606 536 1679 qui
558 1607 591 1662 de
615 1605 731 1680 Origene
752 1604 827 1662 velut
848 1615 1014 1680 compertam
1036 1624 1105 1673 rem,
1129 1608 1184 1666 miz

96 1755 100 1767 ‚
155 1695 284 1766 nimeque
306 1690 424 1755 dubiam,
447 1689 513 1747 iilud
535 1691 624 1764 ipsum
647 1691 749 1747 retulit.
790 1691 820 1747 io
844 1700 898 1764 quo¹
920 1708 1087 1766 magnopere
1108 1710 1184 1767 pona

155 1777 305 1834 derandum
328 1776 402 1831 istud
424 1784 475 1841 est,
499 1775 606 1849 quoties
630 1775 763 1833 eiusmodi
785 1775 885 1849 aliquid
907 1776 1037 1850 proponit
1058 1777 1183 1852 Epiphu'·

155 1863 228 1925 nius,
251 1860 331 1934 quod,
347 1860 380 1916 ad
402 1859 524 1925 alieuius,
549 1861 628 1917 etiarn
652 1860 771 1935 alioquin
790 1861 933 1926 Haeretici,
956 1876 987 1917 ao
1009 1862 1105 1919 nefarii
1129 1865 1184 1921 bo·

156 1946 245 2010 minis,
269 1942 394 2000 invidiam
420 1945 650 2020 ignominiamque
665 1946 798 2018 pertinet,
822 1945 846 2000 id
863 1945 887 2001 si
902 1945 1000 2002 dubiae
1015 1944 1183 2024 minimeque

157 2029 307 2087 constantis
336 2030 421 2086 famae
443 2029 492 2095 sit,
522 2028 736 2085 nonnullarum
759 2031 948 2096 excusatione,
977 2048 1009 2088 ae
1032 2032 1184 2092 titubanter

157 2115 190 2172 ab
219 2115 266 2173 illo
293 2114 453 2192 significum
483 2122 566 2187 atque
594 2113 647 2169 hoe
675 2112 806 2187 imprimis
834 2116 936 2180 caveri,
967 2133 1002 2172 ne
1023 2117 1130 2175 ineerta
1143 2134 1184 2177 rs

157 2200 394 2258 commemoranda
420 2207 523 2256 certam
558 2198 636 2255 alicui
670 2198 805 2255 infamiam
837 2216 870 2256 ae
901 2201 1019 2257 dedecus
1049 2203 1182 2276 importata

157 2286 300 2344 Haerere
322 2285 384 2343 loeo
406 2284 508 2341 nullam
530 2284 683 2341 istiusmodi
704 2285 858 2341 cautionem
880 2283 1013 2352 adhibuit,
1037 2288 1095 2352 sed,
1118 2302 1184 2351 eun

157 2374 190 2429 de
212 2372 291 2446 lapsu
313 2378 341 2428 et
362 2371 462 2428 iniecto
485 2379 547 2428 ture
570 2378 717 2435 constaret,
735 2369 795 2426 hoe
815 2387 900 2425 unum
923 2368 1038 2444 excepit,
1062 2373 1183 2446 quodsi

156 2474 250 2514 verum
274 2460 325 2523 est,
349 2457 382 2512 ad
403 2455 599 2512 sublevandum
615 2455 759 2530 Origenem
774 2455 853 2520 vaiet,
877 2455 1072 2512 nonnullorum
1087 2458 1183 2517 iactari

156 2541 344 2607 sermonibus,
373 2558 545 2615 nequaquam
575 2540 720 2617 origenem
747 2540 837 2613 ipsum
867 2547 910 2596 tus
938 2540 1102 2607 adolevisse,
1133 2542 1183 2600 sed

157 2643 218 2682 oum
247 2627 304 2682 eius
333 2627 422 2701 digitis
445 2633 519 2682 esset
541 2626 714 2699 impositum,
742 2625 770 2681 in
793 2625 946 2681 subiectum
968 2641 1032 2682 arae
1053 2625 1183 2685 rorum-a

157 2710 309 2768 Gentilibus
331 2724 480 2767 excussum·
497 2710 592 2766 fuisse.
630 2710 709 2779 Quod
729 2709 814 2784 igitur
834 2710 862 2766 in
884 2710 1045 2767 sacrificium
1067 2727 1100 2768 ae
1121 2729 1184 2769 rus-

155 2795 242 2852 iorem
262 2794 381 2852 'seeieris
409 2804 516 2868 partem
544 2795 715 2852 consenserit
736 2794 882 2869 Origenes,
910 2790 1183 2856 minimedabitaeit

156 2879 339 2955 Epiphanius:
368 2889 461 2936 utrum
489 2895 648 2952 expressum
677 2881 730 2936 hoe
759 2878 791 2935 ab
820 2879 903 2936 inrito
932 2881 1035 2937 heines
1056 2880 1182 2940 eiusdem

156 2981 239 3022 mauu
260 2964 476 3021 administratum
498 2963 596 3028 inerit,
622 2963 650 3020 id
671 2981 734 3020 vero
748 2962 897 3021 dubitavit.
936 2965 1048 3023 daetear'
1070 2967 1117 3040 qui
1130 2966 1181 3025 *sei

156 3049 324 3126 antiquiores
346 3048 506 3124 Epiphanio,
531 3049 572 3105 vel
588 3049 659 3106 iliius
674 3049 807 3122 temporis
822 3064 956 3123 suppares
972 3059 1058 3115 erant,
1082 3052 1182 3126 partnn

157 3136 281 3211 (trigenis
304 3152 396 3193 amore
418 3134 636 3196 dissimularunt:
660 3136 758 3208 partim
780 3135 854 3208 quod
876 3135 909 3191 ad
932 3152 989 3192 rem
1011 3135 1122 3192 minime
1138 3135 1182 3193 ia-

156 3231 241 3288 ceret,
264 3221 375 3279 seiende
398 3219 650 3296 praetermiserunt.
687 3222 777 3295 Atque
792 3218 926 3280 Eusebius
941 3218 1060 3295 quidem,
1076 3229 1182 3296 utpote

157 3306 280 3381 origenis
304 3307 459 3372 admirator,
483 3304 609 3363 eonsulto
631 3313 663 3361 ut
684 3305 823 3363 omitteret
845 3305 943 3362 secisse
957 3304 1072 3362 ridetur.
1114 3306 1181 3369 naua

156 3391 224 3448 nihii
246 3389 341 3449 eorum'
365 3392 463 3458 taouit,
487 3388 563 3468 'quae
588 3391 621 3448 ad
643 3391 715 3447 iilius
738 3390 1016 3463 cemmendationem3
1046 3391 1116 3448 nihii
1133 3394 1182 3450 att·

158 3475 227 3540 tuiit,
251 3477 325 3550 quod
347 3476 575 3534 adminuendam
598 3475 823 3532 existimationem
846 3475 956 3532 valeret.
990 3475 1104 3550 ¹heiiqni
1120 3480 1181 3534 tan

155 3559 277 3616 fautores
300 3574 381 3634 quam
404 3561 549 3619 adversarii
574 3561 708 3634 Origenis,
731 3577 794 3618 eum
816 3554 961 3635 deimpiis
983 3561 1044 3618 eius
1064 3559 1183 3636 tagram

156 3641 239 3712 tibus,
266 3653 348 3720 atque
369 3645 509 3707 erroribus
525 3647 566 3703 in
580 3654 720 3704 eertamen
740 3642 1180 3722 disputationemque-venissem
