2534 4154
108 307 147 368 14
563 318 675 369 rerrvu

106 475 210 550 origine
233 474 347 538 detorta,
372 474 534 530 doctissimis
555 474 692 531 interdum
714 473 840 531 Patribus
855 474 941 530 fraudi
955 474 1048 540 luisse,
1072 477 1126 533 mi-

105 576 157 618 nus
179 568 211 615 ut
232 566 320 615 rectas
342 559 393 615 illis
416 559 626 633 significationes
645 557 828 632 attingerent?
856 558 984 634 llremplo
1000 562 1035 617 sit
1051 562 1125 634 quod

105 661 167 701 oum
194 645 262 700 haec
288 643 469 700 scriberemus
499 643 611 700 fortuito
640 644 719 700 nobis
746 645 872 700 occurrit.
917 644 989 701 ldem
1012 645 1124 702 llieron.

105 729 190 803 llpist.
214 728 247 784 ad
268 726 404 802 Agernch.
434 727 539 791 Notati,
563 730 640 785 euius
663 729 691 784 in
712 729 793 785 libro
816 729 888 786 Ruth
912 730 1024 786 historia
1046 747 1125 787 conr·

106 822 280 877 memoratur,
303 815 523 869 cumulationem
537 815 740 887 interpretatur,
759 816 831 886 qnod
848 813 978 870 llebraice
994 823 1036 871 est
1051 828 1125 875 eurr

106 913 206 963 aura,
230 915 285 954 non
308 915 322 952 a
345 913 412 958 nur.

191 978 242 1038 καὶ
262 972 378 1058 ἤρξατο
393 977 436 1049 εἷς
449 972 649 1056 ἀνθρώπους]
672 981 767 1037 Hausit
782 982 848 1038 liaeo
864 1000 896 1040 ex
910 982 1019 1062 Eusebii
1035 984 1125 1041 Chro-

106 1068 182 1132 nico,
212 1085 281 1141 quae
305 1068 332 1122 in
355 1067 455 1124 Graeca
478 1067 595 1123 editione
618 1067 798 1139 Scaligeriana
819 1067 964 1140 leguntur,
992 1085 1054 1142 pag.
1076 1073 1124 1129 ts.

107 1152 161 1208 Sed
183 1152 219 1208 ibi
242 1152 365 1226 laphetlri
386 1169 442 1208 non
460 1152 532 1208 Serui
555 1152 625 1207 lilius
641 1151 744 1207 Seruclr
768 1151 873 1215 dicitnr,
897 1162 928 1209 ut
949 1153 1029 1209 etiam
1052 1155 1125 1226 apud

107 1237 215 1293 Suidam
238 1237 265 1292 in
288 1236 419 1293 vocabulo
441 1230 562 1312 σερούχ,
585 1236 632 1290 nbi
655 1237 747 1292 eadem
769 1236 826 1292 lere
849 1237 1029 1294 declarantur.
1053 1239 1125 1307 Quin

107 1332 135 1379 et
155 1322 222 1378 illud
244 1327 339 1378 contra
360 1331 442 1394 atque
463 1320 735 1393 llnsebius'scripsit‚
759 1320 793 1376 ab
808 1321 956 1394 llpiplranio
979 1322 1126 1396 subiungi·

108 1417 165 1463 tur:
200 1407 320 1464 nondum
348 1414 436 1462 aetate
464 1406 567 1461 Senuclr
595 1403 712 1478 lapides,
740 1405 860 1478 ligneave
889 1407 1046 1470 simulacra,
1075 1417 1125 1465 aut

106 1506 191 1549 aurea
209 1500 369 1564 argenteave
391 1490 534 1553 fabricata,
558 1489 648 1545 sedin
664 1490 785 1563 picturis,
809 1499 837 1546 et
851 1491 988 1547 coloribus
1003 1505 1128 1557 omnem,

107 1586 144 1634 ut
152 1577 333 1633 Tertullianus
354 1575 484 1648 loquitur,
507 1574 676 1630 ldololatriae
697 1583 850 1676 paraturam
872 1577 1036 1633 constitisse.
1066 1577 1125 1632 llu-

107 1661 198 1718 sebius
220 1679 303 1717 vero:
323 1652 417 1760 crispe
437 1652 512 1734 γάρ,
535 1659 638 1733 inquit,
662 1677 712 1714 και
735 1677 763 1714 οι
786 1653 844 1715 σάν
865 1653 950 1798 crispi
972 1655 1045 1728 τούς
1066 1653 1127 1717 πά-

107 1743 157 1802 lore
178 1739 356 1842 γινομένους
376 1737 395 1818 ἢ
418 1736 652 1844 maluspanis,
633 1763 652 1819 η
675 1735 840 1818 dpepedvag,
864 1739 917 1800 νιιί
935 1765 963 1802 τι
985 1737 1126 1845 πράξαν-

106 1848 162 1896 τιις
183 1820 359 1925 άνὸρίας,
341 1847 359 1901 η
384 1821 494 1925 άρετῆς
515 1819 629 1895 άξιον
616 1847 647 1884 ιν
661 1848 704 1907 τῳ
690 1823 778 1908 Ηβιιιι
794 1831 849 1885 τοῦ
863 1848 936 1904 pepp
938 1823 1124 1901 ιονιάεσθαι,

106 1911 157 1968 καὶ
186 1905 228 1978 uic
255 1903 345 1978 ὄντας
367 1903 468 1968 αὐτῶν
489 1906 690 1989 προπάτορας
686 1887 852 1990 άνάριάσι
874 1909 1028 1989 στηλων
1018 1910 1063 1972 erl
1061 1933 1126 1989 μη-

106 2015 172 2054 σαν.
203 1997 277 2065 Quae
300 1997 449 2053 fortassis'
443 2014 469 2051 ιιι
493 1997 664 2053 concordiam
687 1999 772 2071 redigi
794 2000 829 2055 ita
851 2007 982 2071 possunt,
1005 2010 1036 2056 ut
1058 2000 1126 2072 Epi-

105 2081 222 2156 phanius
245 2081 326 2146 ldola,
350 2098 381 2138 ac
403 2081 544 2138 simulacra
566 2083 694 2138 duntaxat
715 2084 815 2140 affabre
837 2084 914 2148 lacta,
938 2093 965 2140 et
981 2085 1124 2141 caelaturis

107 2166 222 2241 effigiata
244 2185 293 2240 per
314 2167 381 2223 illud
403 2176 510 2240 tempus
533 2167 653 2223 extitisse
675 2177 772 2241 neget,
803 2185 859 2224 uon
881 2163 971 2225 autem
993 2169 1124 2225 informes

106 2262 227 2316 truncos,
251 2261 299 2309 aut
319 2252 438 2326 lapides,
462 2252 517 2308 sive
539 2252 693 2308 columnas:
718 2255 751 2308 de
774 2252 872 2328 quibus
894 2254 1028 2310 Eusebius
1050 2254 1127 2310 acci·

107 2337 221 2411 piandus
244 2347 294 2402 est,
318 2354 379 2393 cum
402 2354 447 2392 eas
470 2346 547 2394 vocat
568 2328 753 2412 ἀνδριάντας
775 2336 903 2412 στηλῶν.
933 2339 1002 2393 nb
997 2341 1027 2394 ris
1051 2339 1123 2394 enirn

106 2422 228 2487 rudibus,
247 2431 274 2478 et
288 2422 416 2496 impolitis
432 2423 537 2487 statuis,
554 2431 582 2478 et
598 2422 730 2478 columnis
746 2423 898 2479 idololatria
916 2423 1014 2522 coepit.
1039 2423 1123 2480 Clem.

106 2507 179 2562 Alex.
202 2508 302 2563 Strom.
328 2509 354 2566 1
394 2499 525 2583 Πρι’νγ’
550 2525 606 2562 συν
627 2499 841 2583 άκριβιιιθῆναι
864 2501 920 2574 τάς
941 2507 1004 2564 τῶν
1026 2501 1124 2583 άγαλ-

105 2582 213 2663 μάτων
235 2586 366 2664 σχέσεις,
389 2586 492 2658 κίονας
513 2583 650 2658 ἱστάντες
672 2609 699 2647 οι
722 2588 845 2648 παλαιοὶ
869 2586 976 2664 ἔσεβον
996 2587 1127 2658 τούτους

107 2667 149 2739 ὡς
176 2667 378 2769 άφιάράματα
405 2677 461 2731 τοῦ
489 2675 574 2732 θεοῦ.
620 2677 698 2745 Quod
725 2678 757 2732 ad
787 2679 844 2733 eius
867 2677 1022 2741 columnae,
1053 2693 1123 2751 quae

106 2758 261 2814 israelitis
255 2777 282 2814 ιιι
305 2759 450 2815 solitudine
472 2761 601 2832 praeibat,
625 2761 800 2816 imitationem
824 2762 989 2833 expressisse
1006 2763 1126 2818 bacmo-

107 2859 201 2898 mones
223 2843 322 2898 ibidem
345 2843 472 2915 disputat.
504 2844 548 2900 Sic
563 2845 741 2900 Athenienses
765 2863 814 2918 pro
836 2844 939 2900 toribus
955 2845 1121 2911 columellas,

107 2937 134 2984 et
156 2927 291 2983 obeliscos
306 2927 421 3001 Apollini
443 2928 647 2991 consecrabant,
672 2945 753 3002 quem
776 2921 1037 3026 dyvre'uvoeabant.
1060 2932 1126 2985 Ari·

107 3013 200 3088 stoph.
224 3013 326 3112 schplia
348 3007 433 3068 ad
403 3014 541 3087 «φῆκας.
579 3003 699 3086 άγιιιιυς
720 3008 794 3068 κίων
814 3009 857 3080 εἰς
878 3004 930 3080 ὀξύ
956 3004 1103 3088 ὶήγων,“
1087 3033 1126 3070 ον

108 3091 209 3155 ἱστᾶσι
225 3089 284 3197 πρὸ
298 3098 360 3154 suiv
374 3095 496 3195 θυρῶν·
519 3091 617 3163 ι’άιους
632 3091 668 3153 δέ
680 3114 775 3173 φασιν
790 3088 903 3164 σάτσῦς
917 3087 991 3154 ιινιιι
1010 3089 1121 3156 Ἀπόλ-

107 3182 212 3253 λιιινος,
235 3201 263 3238 οι
255 3175 320 3238 tl
340 3173 560 3251 Διονύσου,ι
531 3199 559 3236 οι
583 3173 656 3238 δὲ’
638 3185 762 3256 ιιμιροῖν.
795 3183 824 3237 lli
847 3191 911 3238 sunt
933 3181 1071 3258 θυραῒσι,
1095 3193 1122 3240 et

108 3259 242 3341 ἀντήλιοι
270 3262 348 3324 θεοι.
379 3267 481 3323 Tertul.
504 3267 618 3341 Apolog.
646 3266 741 3322 Etiam
763 3261 843 3340 opud
867 3266 991 3324 Graecos
1014 3266 1126 3342 Apolli·

107 3369 170 3407 nem
190 3351 334 3428 θυραῖον,
357 3361 382 3408 et
404 3352 528 3409 Antelios
551 3353 706 3407 Daemones
729 3355 864 3408 ostiorum
882 3356 1029 3426 praesides
1052 3356 1122 3424 lepi-

107 3454 176 3491 uues.
206 3437 365 3511 Hesychius,
389 3429 523 3512 άνιήλιιιι
546 3433 615 3492 θεοὶ
637 3430 666 3493 οἱ
683 3430 743 3512 πρὸ
759 3439 820 3494 τῶν
833 3437 943 3517 θυρῶν
958 3432 1121 3515 ἱδρυμένοι.

107 3521 155 3576 list
182 3522 265 3594 igitur
293 3523 405 3597 propius
434 3540 512 3585 vero,
541 3522 668 3578 informes
695 3523 754 3578 illns
782 3522 868 3580 ‘moles
896 3524 971 3580 initio
994 3541 1043 3596 pro
1067 3523 1124 3579 biis

109 3614 222 3662 erectas.
268 3606 335 3662 'lum
358 3608 484 3680 paulatim
507 3616 592 3663 artem
614 3625 644 3663 ac
668 3598 861 3685 διάρθρωσιν
882 3608 1042 3670 accessisse,
1071 3625 1126 3663 nu·
