2534 4154
486 341 777 393 auxilioveuuencs.
1083 334 1145 397 tte

205 499 287 573 Atqui
310 515 341 554 ex
363 497 505 572 Epiphanii
527 498 632 554 ratione
656 497 822 571 colliguntur
844 499 906 554 anni
929 499 1058 558 duntaxat
1079 505 1142 563 949

110 602 135 642 aa
156 584 262 640 lliluvio
284 584 318 639 ad
339 582 464 638 hnmani
486 591 586 639 emtam.
613 582 768 639 llillerentia
791 591 834 639 est
851 600 985 640 annorum
1000 588 1073 653 299,
1096 591 1144 664 qui

108 670 145 728 a'u
165 669 235 727 'bllll
249 668 394 725 Saniorum
418 666 542 723 Editiene
565 684 597 723 ex
623 670 682 725 130
702 667 801 725 Gainan
824 676 852 724 et
873 670 996 726 centenis
1012 671 1143 731 Naehoris

113 763 299 829 consurgunt.
330 752 415 826 Vulgo
440 753 511 808 enim
533 752 641 809 Nachor
667 755 724 810 179
747 752 916 819 tribuuntur,
939 753 972 810 ab
991 755 1144 831 Epiphanio

107 856 183 899 -nem
208 842 258 899 79.
303 841 337 894 ht
358 853 422 893 vero
445 837 472 893 iu
494 837 666 894 Praelatiene
688 838 770 893 huius
792 839 884 911 operis
906 848 934 896 et
957 835 989 896 in'
1006 843 1143 901 deuorato

108 944 143 1003 p.
156 926 216 984 118
240 923 348 981 eaedem
370 922 429 978 illas
449 916 553 997 γενεὰς
574 930 719 995 pertexens
741 922 842 985 Caiuan
864 924 988 981 inseruit.
1019 927 1053 983 Ut
1075 927 1143 986 illud

112 1018 256 1087 appareat,
280 1009 346 1064 Lllll
368 1007 512 1064 Saniorum
535 1007 681 1063 editionem
704 1009 757 1064 hac
777 1008 805 1062 iu
827 1018 905 1081 parte
927 1010 1026 1067 variam
1048 1022 1076 1069 et
1097 1006 1143 1068 iu'-

109 1094 280 1171 terpelatam
302 1093 396 1149 luisse.
426 1091 492 1147 Nam
514 1091 557 1148 alii
579 1092 687 1148 codices
703 1091 803 1148 Cainan
825 1092 1003 1161 asciscebaut,
1026 1096 1071 1154 alii
1094 1115 1144 1154 ex·

109 1179 291 1259 pungebant,
322 1178 456 1250 siquidem
487 1177 558 1250 apud
586 1176 734 1233 Eusebium
761 1176 832 1233 Edit.
862 1176 981 1236 Graecae
1008 1184 1071 1254 p.9
1109 1200 1142 1240 ex

109 1266 243 1324 Africano
265 1273 294 1320 et
314 1263 380 1319 Lllll
402 1262 610 1335 luterpretibus,
634 1278 685 1318 uec
707 1279 762 1317 nen
784 1279 817 1318 ex
839 1263 1069 1322 Samaritanorum
1085 1267 1143 1324 lle-

112 1350 216 1409 braicis
238 1345 436 1421 exemplaribus
459 1347 487 1401 in
509 1347 591 1403 huius
605 1346 781 1420 genealogiae
796 1356 924 1405 contextu
941 1347 1040 1405 Cainan
1056 1352 1142 1407 emis·

114 1452 165 1495 aus
187 1444 240 1500 est,
263 1450 315 1490 nec
336 1448 470 1488 annorum
492 1448 596 1487 summa
619 1434 680 1489 942
705 1430 809 1488 excedit
830 1431 960 1489 adiluvio
976 1434 1009 1489 ad
1024 1435 1141 1493 natalem

114 1520 258 1579 Abraami:
287 1525 356 1594 quot
383 1516 508 1573 videlicet
534 1533 621 1573 annes
643 1516 809 1591 Epiphanius
839 1519 892 1574 hoc
920 1517 982 1574 leco
1004 1528 1163 1585 numerat„

116 1608 207 1678 Quare
228 1602 375 1660 Eusebium
396 1601 443 1675 bic
465 1601 573 1674 quidem
596 1610 707 1657 secutus
730 1610 782 1658 est.

202 1690 241 1746 ue
256 1689 375 1745 &inane
396 1696 475 1742 vetus
498 1695 541 1743 est
562 1686 694 1758 quaestio,
717 1703 789 1761 quae
810 1703 825 1742 a
846 1687 1046 1745 recentioribus
1068 1689 1141 1746 name

116 1774 263 1851 disceptari
292 1773 372 1829 solet.
416 1771 480 1827 llihi
508 1772 767 1845 praetermittendus
795 1773 905 1829 omnino
928 1772 1048 1838 videtur,
1078 1791 1140 1831 cum

115 1879 168 1920 nec
184 1861 212 1918 iu
227 1858 359 1915 llebraica
374 1857 495 1921 veritate,
520 1858 613 1913 necin
628 1856 785 1912 Latinorum
802 1857 921 1914 editione
936 1866 1009 1914 extet
1023 1858 1140 1933 uspiam.

117 1948 196 2018 Quod
218 1945 290 2002 enim
311 1942 405 1998 vitium
427 1942 454 1996 iu
477 1939 616 1997 Hebraeos
642 1941 750 1997 cedices
772 1942 915 2016 irrepsisse
937 1944 1061 2000 nonnulli
1083 1954 1142 2001 sta-

116 2040 213 2096 tuunt,
241 2028 322 2084 nimis
349 2027 403 2082 boc
431 2026 519 2084 otiose
541 2026 661 2100 Erigitur.
706 2027 795 2083 Lucae
817 2028 968 2085 authoritas
989 2029 1140 2103 grauiorem

116 2118 179 2175 lacit
207 2111 429 2172 controversiam.
473 2111 527 2167 Sed
553 2112 703 2168 ethnica
726 2113 777 2186 piis
800 2121 827 2168 et
850 2113 963 2170 eruditis
986 2115 1049 2170 viris
1070 2115 1192 2176 iam-223

115 2203 222 2278 pridem
251 2198 417 2256 satisfactum
447 2207 499 2252 est.
546 2196 612 2253 Cum
641 2197 713 2253 enim
736 2197 900 2253 Graecemm
929 2199 1038 2255 cedices
1058 2199 1140 2273 vulgo

118 2286 264 2344 &manum
286 2281 454 2348 exhiberent,
478 2282 573 2348 Lucas,
597 2282 644 2355 qui
659 2282 768 2338 Graecis
791 2281 937 2346 scribebat,
961 2299 1016 2339 nen
1032 2282 1141 2341 aliunde

118 2369 302 2447 genealogiam
335 2368 415 2423 istam
445 2383 525 2441 quam
554 2383 587 2422 ex
608 2367 717 2422 illerum
738 2365 814 2421 libris
837 2366 994 2439 exscripsit,
1023 2368 1141 2441 ideoque

119 2467 145 2516 et
166 2456 315 2514 Gaiuanum
336 2451 461 2516 inseruit,
485 2467 566 2524 quem
589 2451 612 2506 si
634 2450 735 2522 alioqui
757 2451 998 2523 praetermitteret,
1022 2452 1140 2510 Graecos

116 2541 191 2617 ipsam
220 2538 381 2597 edeuderet.
426 2534 525 2604 Quare
544 2535 611 2591 nihil
632 2535 792 2591 alterutram
814 2535 842 2591 iu
863 2544 969 2609 partem
992 2537 1139 2605 affirmans,

82 2682 94 2691 ,
119 2644 183 2705 quas
204 2626 233 2682 iu
250 2624 351 2680 Graeca
374 2621 492 2678 editione
514 2619 707 2694 generationes
728 2631 877 2694 repererat,
900 2621 1059 2696 simpliciter
1076 2624 1142 2681 red-

62 2696 79 2749 ῗ
113 2711 191 2775 didit.
237 2706 470 2779 Quemadmodum
493 2706 516 2762 si
544 2706 605 2781 quis
634 2704 782 2779 Aethiopas
806 2705 969 2764 Catholicam
998 2709 1032 2765 ad
1059 2709 1141 2767 Edem

62 2794 268 2875 {perducere
289 2794 392 2858 volens,
416 2808 512 2865 regum
526 2790 635 2846 illerum
650 2789 852 2847 successionem
868 2808 900 2848 ex
914 2792 1030 2868 vulgatis
1046 2806 1141 2851 eorum

63 2880 265 2942 sr-duualibus
294 2886 467 2952 excerperet,
496 2876 605 2932 tametsi
633 2875 767 2950 quispiam
796 2876 919 2933 intrusus
946 2879 1141 2936 innumerum

63 2964 78 2975 “
82 2946 221 3034 ·;hisset,
244 2981 309 3022 ueu·
322 2963 390 3020 haee
412 2961 543 3018 Catholici
557 2960 714 3034 Scriptoris,
737 2962 786 3018 sed
809 2962 984 3027 historiarum
1006 2972 1034 3020 et
1048 2967 1142 3019 Anna·

117 3050 131 3119 ,¹
209 3068 271 3108 esse
300 3049 379 3122 culpa
407 3048 574 3103 crederetur
620 3045 678 3102 lloc
706 3062 759 3121 ego
787 3062 849 3103 cnm
880 3046 1004 3103 Perrerio
1033 3056 1139 3112 nostre,

177 3137 256 3201 anie,
280 3131 471 3198 denebrarde,
495 3131 608 3204 aliisque
631 3130 719 3188 doctis
741 3139 769 3189 et
790 3131 843 3205 piis
864 3130 1050 3205 scriptoribus
1072 3147 1141 3206 pre·

124 3222 206 3321 ΙΙἰΙε
229 3232 338 3277 censeo.

146 3309 304 3365 dida.
325 3295 422 3379 Ἔβερ
451 3295 486 3358 δὲ
509 3301 599 3382 γεννᾶ
624 3294 679 3358 τὸν
703 3293 819 3372 Φαλέκ]
864 3298 991 3356 blandum
1019 3309 1061 3357 est
1082 3316 1140 3363 uun

155 3390 266 3459 'hanii,
301 3388 349 3445 sed
371 3386 502 3443 librarii
495 3404 522 3440 m
544 3401 721 3442 numerorum
743 3393 818 3441 nota
858 3384 924 3459 beg.
947 3385 1040 3461 itaque
1063 3379 1150 3464 aad,
1176 3408 1187 3435 τ.

148 3484 203 3535 Ἢ
224 3473 351 3551 sequenti
373 3471 535 3530 collectione
555 3470 701 3568 perspicue
722 3476 840 3525 coastat.

178 3564 262 3621 -473
279 3577 303 3617 c.
334 3548 414 3614 κατὰ
435 3549 469 3611 δὲ
490 3557 601 3634 ψῆφον
622 3545 725 3610 ἄλλων
745 3546 956 3634 ἀντιγράφων]
1001 3555 1140 3626 Quaenam

180 3647 237 3707 siut
260 3642 430 3719 exemplaria,
454 3656 524 3715 quae
546 3640 580 3698 ab
603 3646 667 3698 ertu
681 3639 745 3697 Sem
767 3638 802 3697 ad
825 3641 864 3700 89
887 3640 930 3698 vel
945 3641 985 3701 99
1003 3632 1140 3709 hbraami,

935 3739 989 3792 12*
