2534 4154
429 339 718 391 autunuvnnstouns
1047 331 1089 392 69

75 490 109 562 εἰς
137 484 275 571 φανερὸν
296 486 353 560 τὰς
373 512 502 568 μαγειας
522 489 727 571 παραδιδόναι
750 487 873 570 η’ξιουν,
901 489 942 564 ὡς
963 493 1011 554 ἐπὶ
1032 518 1089 573 με·

72 572 171 653 pabore
198 574 239 678 δὴ
267 575 430 652 μονονουχὶ
460 572 675 653 σεμνυνόμενοι
710 584 774 648 τοῖς
807 600 886 639 κατα
918 580 1093 660 περιεργίαν

71 659 144 741 πρὸς
167 654 272 720 αὐτῶν
293 659 472 722 ἓαιτελοο
431 682 534 736 μονοις
555 657 743 762 φιλτροις,’
716 683 879 770 overponpp
880 671 961 735 ιαοῖς
984 686 1016 724 τε
1039 664 1090 725 καὶ

70 744 235 828 ααρέὃροις
255 766 316 806 τισι
309 744 391 804 dal
388 767 477 822 μοσι,
507 749 555 806 καὶ
580 740 725 817 ἄλλοιςῑ
711 745 926 830 ομοιοτρόποις
948 746 1089 829 ἀγωγαῖς.

70 835 167 894 ladem
191 835 276 892 hahet
298 836 435 890 irenaeus.

152 924 213 978 104
228 920 257 976 b.
288 915 344 976 εἶσι
337 912 423 974 de*
410 937 442 975 ex
457 936 512 976 του
499 914 665 993 Σατανᾶ]
691 921 870 978 perditissimi
885 923 1090 981 haereticorum

68 1006 196 1071 Gnostici,
222 1005 413 1061 Gnosticorum
437 1004 637 1077 carpocratiani
659 1005 786 1062 luerunt:
811 1010 908 1080 utqui
934 1010 1091 1081 turpissima

68 1109 192 1164 quaeque
214 1089 314 1163 flagitia
337 1089 537 1145 committentes
560 1089 627 1144 adeo
650 1107 705 1146 uon
729 1091 933 1158 erubescerent,
957 1102 988 1150 ut
1009 1095 1090 1151 etiam

68 1175 206 1250 glorianda
229 1193 259 1231 ac
282 1191 346 1248 prae
370 1191 399 1229 se
422 1174 544 1229 habenda
567 1184 704 1246 putarent.
736 1176 799 1232 Ideo
823 1177 856 1233 de
874 1178 1089 1250 Carpocratianis

68 1260 225 1318 nominatim
248 1269 275 1316 et
296 1261 433 1323 heuneus,
457 1268 484 1315 et
508 1258 590 1314 Glem.
610 1261 627 1318 3
651 1261 751 1317 Strom.
777 1269 803 1316 et
826 1261 959 1318 Eusebius
982 1274 1009 1318 et
1025 1264 1090 1336 Epi-

68 1347 183 1420 phanius
212 1345 311 1417 aliique
334 1344 457 1400 scribunt
492 1361 624 1399 summam
648 1345 680 1400 ad
704 1345 848 1401 Christiani
871 1348 986 1403 nominis
1019 1348 1090 1404 inla-

68 1432 145 1488 niam
176 1447 208 1486 ac
237 1430 354 1486 dedecus
383 1446 430 1485 eos
460 1429 609 1484 alliabolo
639 1448 700 1486 esse
722 1432 885 1503 productos,
916 1441 946 1487 ut
969 1433 1089 1489 Gentiles

21 1570 26 1577 ,
69 1534 126 1573 eum
152 1515 320 1572 Christianos
348 1514 472 1570 homines
495 1523 549 1569 tam
570 1516 692 1587 impuros
716 1533 746 1572 ac
769 1517 885 1572 nefarios
909 1517 1044 1582 viderent,
1074 1535 1090 1574 a

71 1602 221 1659 Ghristiana
248 1600 418 1673 professione
445 1600 554 1673 penitus
584 1600 774 1657 abhorrerent.
819 1602 892 1658 Idem
915 1611 942 1658 et
965 1602 1038 1658 Tert.
1061 1602 1089 1659 in

70 1687 144 1761 Apol.
169 1696 198 1741 et
220 1685 339 1742 lustinus
362 1685 539 1757 scripserunt.

155 1773 256 1828 tona.
287 1764 337 1825 καὶ
359 1762 451 1827 τοῦτό
474 1765 541 1825 ἐστι’
567 1769 658 1846 φασι]
697 1770 760 1826 Vide
791 1771 863 1828 Tert.
885 1773 905 1828 l.
934 1774 967 1829 de
994 1771 1090 1828 Anima
1193 1825 1197 1836 ,

71 1873 88 1912 c.
106 1859 147 1916 35
179 1855 228 1911 sed
255 1865 283 1912 et
311 1856 466 1920 irenaeum,
496 1854 558 1910 loco
581 1855 678 1910 citato:
710 1872 742 1910 ex
765 1874 819 1929 quo
843 1858 973 1914 nonnulla
997 1857 1090 1913 Theo-

71 1943 181 2007 doretus
204 1948 292 1997 transt
281 1941 356 1996 tulit:
381 1940 408 1995 in
431 1939 530 2012 quibus
545 1940 604 1995 leve
619 1940 776 2012 quoddam
769 1951 841 1998 mest
856 1944 992 2008 mendum,
1017 1942 1091 2015 quod

71 2027 156 2084 tbiter
186 2044 201 2082 a
228 2025 308 2081 nobis
331 2025 521 2098 corrigendum
545 2032 595 2080 est.
641 2024 740 2082 Scribit
762 2027 845 2100 igitur
866 2029 1009 2092 irenaeus,
1039 2021 1091 2082 καὶ

71 2109 91 2168 ei
111 2105 171 2186 μὲν
193 2101 362 2214 reptionem
384 2129 448 2208 παρ
481 2101 587 2176 αὐτοῖς
608 2104 646 2167 τὰ
670 2098 770 2181 aden,
793 2108 843 2167 καὶ
867 2106 1015 2184 ἔκθεσμα,
1039 2106 1091 2166 καὶ

72 2188 267 2275 ἀπειρημένα,
291 2189 349 2272 ἐγώ
373 2186 428 2252 οὐκ
451 2215 489 2251 αν
510 2212 713 2267 πιστεασαιμι.
747 2196 848 2252 lrenaei
861 2207 938 2253 vetus
953 2198 1089 2268 interpres

71 2282 135 2339 haec
163 2283 315 2355 posteriora
339 2283 375 2338 ita
398 2282 438 2337 uti
461 2282 532 2353 apud
554 2281 690 2335 Theodor.
716 2290 821 2345 extant,
853 2283 951 2354 legisse
974 2281 1089 2335 videtur.

70 2367 132 2424 llam
163 2367 243 2422 vertit
272 2384 320 2438 eqo
348 2383 526 2438 nequaquam
549 2367 640 2420 credo.
685 2364 865 2421 Scribendum
887 2382 951 2421 vero
974 2381 1030 2420 ουκ
1053 2357 1092 2420 ἂν

70 2442 273 2524 πιστώσαιμι,
297 2454 438 2522 affirmare
460 2468 517 2505 non
540 2451 639 2505 ausim.

158 2540 216 2593 107
234 2554 259 2593 a.
289 2531 320 2592 ἓν
337 2526 440 2614 Ῥώμῃ
464 2528 522 2612 γὰρ
545 2525 699 2611 γεγόνασι]
723 2533 905 2589 Romanorum
917 2533 1089 2601 Pontificum,

72 2624 114 2698 qui
144 2639 159 2678 a
183 2621 266 2678 Petro
288 2622 403 2695 proximi
424 2621 550 2685 luerunt,
581 2617 746 2691 perobscura
770 2617 854 2675 series
878 2628 934 2676 est.
964 2620 1091 2694 varieque

72 2703 243 2781 Scriptorum
267 2706 393 2779 opinione
415 2707 521 2762 iactata.
553 2704 591 2759 lle
613 2721 666 2776 qua
689 2721 751 2760 cum
774 2712 827 2759 tam
843 2704 956 2779 insignis
971 2705 1092 2779 Epipha-

18 2841 20 2847 ,
72 2793 105 2848 nii
127 2793 206 2849 locus
228 2791 280 2848 iste
304 2792 347 2855 sit,
370 2790 511 2865 paucand
534 2807 595 2846 eum
618 2789 707 2863 ipsum
729 2789 920 2846 illustrandum
936 2791 1092 2864 explicanda

72 2878 205 2933 ridentur.
249 2879 287 2932 hc
314 2878 457 2949 praecipua
487 2876 595 2948 quidem
624 2875 656 2930 de
686 2875 744 2930 Lini
772 2892 803 2930 ac
833 2875 900 2932 Gleti
928 2875 1091 2932 Pontificatu

73 2962 255 3019 controversia
278 2961 407 3018 nascitur.
439 2961 513 3030 Quos
536 2960 659 3035 plerique
675 2977 729 3016 non
745 2960 819 3016 Petri
835 2979 1017 3025 successores,
1041 2977 1092 3016 nec

20 3070 26 3095 o
73 3046 223 3103 ordinarios
251 3046 414 3112 Pontifices,
447 3046 495 3101 sed
524 3045 741 3119 Ghorepiscopos
770 3046 889 3102 extitisse
917 3054 1027 3118 putant,
1058 3042 1090 3098 ab

73 3149 159 3206 eoque
182 3132 238 3186 vice
262 3150 318 3195 sua,
343 3149 396 3204 quo
419 3131 579 3205 pracsertim
602 3139 725 3203 tempore
748 3129 865 3194 abesset,
889 3129 953 3185 Urbi
968 3129 1092 3203 praelec-

73 3225 123 3274 tos.
162 3217 213 3272 Alii
235 3217 369 3290 legitimos
393 3225 420 3271 et
443 3216 593 3272 ordinarios
616 3215 726 3270 faciunt.
771 3215 917 3287 Utriusque
940 3212 1091 3269 sententiae

73 3302 238 3359 mentionem
261 3302 323 3372 lacit
345 3301 511 3374 Epiphanius
533 3310 562 3356 et
583 3308 643 3355 utra
666 3300 755 3354 verior
777 3300 826 3363 sit,
851 3300 984 3354 incertum
1006 3297 1092 3352 relin-

73 3389 137 3462 quit.
170 3386 290 3442 Priorem
315 3404 347 3441 er
368 3386 587 3442 Pseudodamaso
610 3383 781 3456 amplectitur
803 3383 931 3438 Onulrius
953 3385 979 3438 in
1003 3381 1092 3438 Chro-

74 3474 146 3529 nico:
173 3471 219 3546 qui
242 3491 257 3528 a
278 3471 360 3527 Petro
383 3471 470 3526 adhuc
494 3471 640 3542 superstite
658 3468 873 3540 Chorepiscopos
896 3468 965 3523 duos
987 3467 1093 3524 consti-

74 3567 145 3614 tutos
172 3558 217 3622 ait,
241 3557 336 3622 Linum
359 3565 440 3628 atque
457 3554 570 3618 Cletum,
595 3571 666 3609 anno
682 3551 859 3609 Pontificatus
875 3553 917 3608 sui
937 3556 983 3611 14.
1006 3553 1091 3610 Paulo

73 3659 134 3699 vero
158 3652 221 3699 ante
244 3658 325 3716 quam
347 3648 510 3705 moreretur,
534 3639 650 3698 eundem
672 3639 785 3694 Petrum
798 3654 995 3696 ⁴successorem
1018 3639 1093 3696 ordis
