2534 4154
132 306 191 368 140
558 318 696 368 ⁴nemun
739 345 740 348 =

129 486 157 534 et
183 478 210 532 in
240 470 309 549 ἕκτη
331 475 468 530 mutanda.
512 474 590 542 Quod
613 484 640 530 et
662 474 729 548 pri
750 473 865 539 Actiaci,
896 474 950 529 sive
973 470 1157 530 Diocletianei

129 563 186 618 dies
208 562 268 634 ipsu
289 561 466 623 demonstrat,
488 560 566 616 cuius
592 564 624 616 ll
651 561 679 614 in
703 560 792 617 blan.
817 559 950 614 convenit.
981 560 1020 614 Ac
1041 558 1151 615 videtur

129 648 156 703 in
179 663 221 711 ec,
245 645 319 719 quod
341 645 461 717 quintam
477 644 592 700 Ianuarii
614 644 683 699 diem
706 662 756 718 pro
780 652 855 700 senta
877 643 1002 716 sumpsit,
1026 644 1152 716 mysterii

129 730 229 806 aliquid
251 748 321 786 esse.
352 730 489 802 Siquidem
511 739 539 785 et
562 729 851 802 constantinopolitani
873 738 968 801 postea
992 731 1010 784 5
1033 728 1153 785 ianuarii

129 818 172 872 die
194 816 359 889 baptismum
383 814 481 870 Christi
504 814 687 880 celebrabant,
711 814 784 886 quod
805 814 831 868 in
857 816 875 871 6
894 813 975 886 vulgo
997 814 1151 881 confertur,

129 911 161 957 ut
183 919 215 957 ex
236 900 366 956 llanuelis
387 899 495 955 Novella
521 904 530 956 l
560 900 593 955 de
616 900 689 954 feriis
712 908 739 954 et
763 898 922 972 Curopalate
945 898 1093 971 colligitur.
1154 928 1157 933 ·

215 979 293 1040 κατὰ
314 979 473 1060 Κυπρίους
493 977 592 1040 εἶ’τυυν
613 978 832 1057 Σαλαμινίους]
874 984 933 1039 Non
957 993 1007 1047 est,
1032 992 1064 1039 ut
1087 984 1154 1057 qui-

130 1071 189 1127 dam
213 1071 361 1135 existimat,
385 1078 530 1142 corruptus
552 1070 597 1124 hic
619 1069 714 1142 Epiph.
738 1067 831 1134 locus,
854 1069 881 1123 in
904 1070 1005 1124 mensis
1029 1067 1155 1141 appella-

130 1158 214 1211 tione.
244 1156 309 1210 Nam
324 1154 462 1210 Ianuarius
485 1153 518 1209 ab
542 1154 593 1209 illis
610 1154 726 1222 Quintus
750 1155 912 1217 nominatur,
937 1163 968 1209 ut
991 1153 1150 1209 allornanis

131 1241 264 1310 Quintilis,
288 1239 405 1304 Sextilis,
428 1239 590 1312 September
612 1248 664 1294 etc.
709 1240 762 1294 Sed
783 1239 911 1294 mendum
935 1239 961 1294 in
983 1255 1049 1294 voce
1072 1233 1151 1312 πέμ-

129 1345 190 1402 πτῃ
213 1326 326 1382 subesse
349 1325 440 1397 potius
463 1323 594 1379 arbitror:
618 1324 669 1379 nisi
692 1341 706 1378 a
729 1324 784 1379 lan.
802 1324 921 1378 secundo
934 1317 1085 1396 Πέμπτον
1101 1341 1153 1378 au-

130 1411 224 1484 spicati
247 1411 301 1466 sint
323 1409 467 1465 Salaminii.
511 1408 564 1465 Sed
586 1408 756 1464 verisimilius
780 1419 821 1463 est
843 1408 940 1481 llpiplr.
964 1418 1010 1464 aut
1034 1407 1094 1464 eius
1117 1408 1154 1464 li-

130 1496 264 1561 brarium‚
291 1512 351 1551 cum
374 1493 531 1566 imprudens
553 1488 674 1570 πέμπτῃ
697 1494 752 1549 τοῦ
770 1486 961 1571 Ἰανουαριύυ
983 1494 1151 1566 scripsisset,

130 1600 179 1655 pro
204 1574 283 1658 ἕκτῃ,
306 1581 375 1635 idem
400 1580 425 1633 in
442 1577 647 1635 Salaminiorum
671 1596 764 1633 mense
786 1578 892 1634 fecisse.
924 1581 1043 1651 Apparet
1058 1588 1152 1634 autem

132 1684 162 1722 ex
184 1667 237 1721 boc
259 1665 320 1721 loco
344 1664 502 1720 Salaminios
526 1680 624 1719 annum
648 1682 662 1720 a
685 1663 823 1736 Septemb.
847 1662 896 1718 lul.
914 1663 970 1718 llal.
995 1664 1151 1736 auspicatos

131 1768 207 1814 esse,
238 1750 310 1822 quod
333 1749 489 1804 lndirtionis
518 1749 634 1822 annique
657 1749 834 1822 primordium
857 1748 1152 1821 Constantinopolitaui

130 1845 225 1908 postea
248 1834 439 1906 praefixerunt.
832 1827 839 1859 ’-

216 1910 294 1973 κατὰ
316 1913 463 1994 Παφίους
481 1911 597 1972 Ἰούλου
624 1910 947 1994 τεσσαρεσκαιδεκάτῃ]
987 1917 1072 1989 igitur
1101 1919 1152 1975 luli

131 2004 231 2058 niensis
260 2003 365 2057 initium
396 2019 409 2056 a
443 2005 481 2059 24
505 2003 567 2057 Dec.
615 2002 664 2070 Qui
688 2002 711 2056 si
733 2003 850 2058 lulianus
873 2002 931 2065 luit,
956 2001 1086 2058 credibile
1110 2013 1154 2061 est

131 2087 164 2143 ab
188 2088 365 2161 Aequinoctio
392 2104 475 2142 verno
505 2087 613 2142 circiter
635 2104 734 2142 annum
756 2088 891 2160 incepisse
913 2087 1040 2160 Paphios.
1085 2089 1153 2145 Nam

131 2173 153 2229 si
168 2173 242 2229 lulus
258 2173 397 2227 lanuarias
420 2181 470 2236 ast,
494 2172 595 2226 mensis
618 2169 651 2226 ab
674 2172 719 2227 illo
742 2172 840 2228 tertius
863 2173 889 2227 iu
914 2188 974 2227 eum
998 2172 1066 2227 ilium
1085 2192 1155 2247 pro-

131 2259 275 2332 pemodum
298 2258 406 2322 desinit,
430 2256 475 2330 qui
498 2256 676 2329 Aequinoctio
699 2256 834 2329 quondam
857 2257 1003 2312 attrilnttus
1028 2267 1079 2312 cst.

217 2337 295 2400 κατὰ
309 2334 449 2419 Ἄραβας
466 2334 593 2415 ³Addunt]
622 2343 650 2397 ln
673 2342 788 2415 vulgatis
804 2341 920 2397 Arabum
944 2343 1084 2397 murisibus
1101 2360 1155 2401 nc-

131 2446 184 2503 que
206 2429 309 2493 Aleum,
334 2445 423 2500 neque
446 2427 492 2500 qui
514 2436 609 2501 postea
632 2436 860 2483 commemoratur
875 2427 1083 2499 Angultlrabuith
1108 2429 1155 2485 lc-

131 2531 192 2569 cum
215 2514 299 2569 ullum
322 2513 413 2568 habet..
445 2511 498 2568 Sed
520 2529 610 2585 noque
625 2514 744 2568 Lunares
767 2528 874 2567 menses
893 2512 937 2567 isti
952 2522 1025 2574 sunt,
1049 2513 1071 2568 si
1088 2515 1155 2586 qui-

131 2598 192 2651 dem
214 2597 241 2651 in
263 2598 318 2652 lan.
343 2598 374 2652 Vl
396 2599 490 2653 Aleom
512 2597 567 2652 lllll
589 2598 703 2662 ineidat,
728 2613 797 2671 quae
821 2607 877 2652 tum
899 2597 955 2651 dius
979 2607 1037 2652 erat
1059 2598 1154 2656 Lunae

94 2716 97 2723 ·
129 2681 190 2745 Xll,
222 2681 301 2753 Cyclo
325 2683 344 2735 l.
388 2681 453 2736 Nam
480 2682 626 2737 Neomenia
655 2698 687 2737 ex
715 2682 885 2738 Ptolemaicis
913 2681 1017 2737 llulleri
1039 2682 1155 2740 'lahulis

131 2765 244 2837 contigit
267 2765 329 2820 bec.
354 2767 402 2829 26,
428 2769 455 2829 8,
482 2767 519 2823 32
544 2767 624 2839 Cyclo
649 2770 696 2830 19,
721 2783 792 2822 anno
815 2765 916 2821 lulianc
939 2769 989 2823 44.
1031 2766 1070 2822 lle
1093 2771 1155 2824 An·-

131 2848 298 2924 galtbabaitlr
320 2849 390 2904 idem
413 2859 508 2923 postea
530 2851 770 2907 demonstrabitur.
800 2851 932 2920 Quocirca
954 2852 1076 2907 nondum
1096 2853 1164 2909 buu*

130 2952 224 2991 narem
246 2947 345 2989 aunum
368 2934 400 2990 ad
423 2935 525 2990 civilem
548 2952 627 2991 usurn
642 2935 745 2992 Arabes
767 2936 970 2992 transtulerant.
1000 2937 1066 2992 Nam
1089 2954 1162 2994 cum·

132 3019 235 3077 Arabes
257 3020 379 3075 nominat
401 3019 580 3092 Epiphanius,
608 3021 736 3076 maiorem
758 3020 830 3076 illius
852 3022 941 3093 gentis
963 3023 1156 3096 potioremque

130 3115 235 3180 partem
257 3104 392 3177 intelligit.
422 3107 460 3159 Ac
482 3105 551 3160 Scal.
575 3105 593 3158 l.
612 3105 686 3162 ‘A'de
701 3105 814 3160 limend.
830 3105 923 3178 lemp.
948 3115 975 3162 et
997 3108 1067 3180 lsag.
1084 3107 1151 3164 Gan.

130 3191 150 3247 l.
166 3193 184 3248 2
201 3207 232 3247 ec
249 3192 276 3255 3,
300 3199 405 3245 veteres
420 3189 522 3244 Arabes
538 3189 672 3262 Calippica
695 3191 757 3245 anni
779 3190 953 3247 formonsos
976 3209 1038 3247 esse
1053 3193 1162 3248 deceret

130 3275 179 3340 nit,
203 3285 235 3331 ut
256 3284 284 3331 et
300 3274 448 3331 Chaldaeos
470 3292 502 3330 ae
524 3274 645 3339 ludaeos,
669 3275 873 3332 Arabum'rero
896 3276 1029 3349 duplicem
1049 3292 1152 3333 aunum

131 3360 208 3425 lacit,
237 3359 354 3415 alterum
377 3361 587 3424 Damascenum‚
618 3360 673 3416 siva
696 3360 882 3433 linguonum,
906 3361 949 3416 eui
971 3360 1158 3418 desultoriam·

131 3443 306 3501 intercalandi
329 3463 432 3515 morem
454 3445 587 3510 attribuit,
611 3435 687 3501 cuius
704 3446 847 3502 Periodum
862 3448 926 3505 228
946 3446 1026 3507 anuis
1043 3446 1162 3503 lulianitr·

132 3528 234 3593 delinit,
257 3530 285 3584 in
307 3547 361 3604 qua
382 3547 494 3587 menses·
513 3546 608 3586 omnes
623 3530 776 3603 singillatim
792 3546 892 3587 annum
907 3531 1046 3595 inclinant,
1070 3532 1155 3588 vicisi-

132 3613 238 3687 simque
258 3615 420 3672 terminant:
453 3615 565 3672 alteram
587 3617 655 3672 anui·
670 3614 802 3673 rationem
824 3617 924 3673 omissa
940 3616 1161 3674 intercalationu-
