2534 4154
477 319 768 372 insusurrasronss.
1076 308 1136 373 ttt

120 473 199 548 paulo.
218 484 282 532 ante
304 476 520 533 demonstratum
543 486 594 541 est,
618 476 738 533 citimum
761 477 870 533 illorum
886 477 989 534 Pascha
1005 477 1033 535 in
1048 479 1141 552 ipsum

119 560 293 633 Aequinoctii
307 560 379 617 diem
402 561 542 627 inciderit,
567 561 646 636 Cyclo
671 565 688 621 8
712 562 845 628 Nicaeum
869 563 976 635 quoties
1000 564 1073 620 Luna
1101 567 1191 628 tros

117 645 201 703 llartii
226 647 275 710 ta,
297 645 363 702 feria
387 648 405 703 6
429 647 589 720 contigerat.
620 648 724 703 Rursus
749 647 828 721 Cyclo
851 647 1007 703 Latinorum
1033 651 1068 715 8,
1090 649 1141 707 th-

117 746 199 788 aaono
226 734 273 796 ll,
301 732 443 787 neomenia
466 732 604 788 Paschalis
625 733 866 809 Alexandrinorum
888 733 991 805 pariter
1012 751 1043 789 ac
1065 734 1140 791 Lati·-

116 833 213 873 nnrnm
236 816 363 872 convenit
384 817 483 890 Aprilis
504 819 532 875 2.
563 818 708 890 Fingamus
732 834 797 891 ergo
819 819 925 874 literam
942 819 1072 874 hominio.
1089 837 1141 876 oo-

116 903 175 959 dcm
197 917 270 959 anuo
292 901 376 958 luisse
391 904 429 968 A;
453 902 555 958 decima
579 913 674 977 quarta
690 903 827 959 Paschatis
849 903 950 959 incidet
970 904 997 958 in
1013 906 1078 977 Apr.
1092 908 1139 969 14,

115 986 180 1043 laria
206 989 233 1044 7.
279 986 411 1056 Quocirca
438 988 584 1044 Nicaennm
613 988 717 1043 Pascha
745 987 911 1044 celebratum
940 997 984 1045 est
1011 992 1076 1062 Apr.
1091 992 1140 1054 to,

115 1072 191 1127 Lana
217 1071 320 1128 decima
345 1072 459 1145 quinta:
490 1073 576 1129 Latini
597 1089 661 1128 vero
685 1090 716 1128 ex
739 1072 848 1128 Victorii
870 1073 966 1146 regula
987 1074 1014 1129 in
1038 1076 1140 1133 Lunam

117 1158 165 1221 22,
190 1157 245 1212 hoc
267 1165 309 1212 est
332 1159 370 1214 23
393 1158 491 1230 Aprilis
514 1158 687 1213 distulerunt.
724 1159 810 1230 lgitnr
832 1175 845 1212 a
871 1160 905 1215 21
933 1158 1139 1218 merulenta
1188 1215 1191 1222 ,

116 1241 213 1314 Aprilis
242 1241 393 1314 legitimum
416 1251 496 1316 atque
519 1243 685 1298 ordinarium
707 1243 808 1298 Latinis
831 1242 948 1307 Pascha,
980 1246 1019 1301 34
1044 1243 1141 1301 diebus

118 1325 279 1383 extenditur.
304 1327 416 1383 Praeter
430 1328 552 1383 ordinem
567 1345 640 1392 vero,
658 1337 821 1400 praeterque
836 1328 924 1400 legem
941 1327 967 1383 in
985 1330 1024 1385 25
1040 1329 1140 1401 Aprilis

117 1419 311 1476 summovetur,
336 1430 397 1469 cum
420 1412 496 1485 cyclo
525 1416 576 1477 to,
599 1413 702 1468 decima
725 1422 820 1486 quarta
842 1413 979 1469 Paschalis
1001 1414 1029 1469 in
1051 1413 1140 1471 Martii

121 1499 155 1554 18
178 1497 310 1561 incurrit,
333 1497 401 1553 feria
424 1500 458 1562 6,
485 1507 516 1553 ut
537 1507 617 1553 antea
639 1498 804 1554 declaratum
828 1506 878 1553 est.
924 1499 962 1553 lta
985 1498 1139 1555 tricesimus

118 1583 228 1656 quintus
252 1581 308 1637 dies
331 1583 507 1639 Paschalihus
523 1584 679 1638 latinorum
696 1583 819 1639 terminis
834 1592 987 1656 arrogatur.
1015 1583 1071 1639 Nec
1086 1582 1141 1639 mi·-

118 1685 167 1723 ans
189 1666 373 1739 redarguitur,
397 1668 470 1742 qnod
492 1668 564 1724 idem
578 1668 679 1724 Paulus
701 1677 846 1733 asseverat,
870 1669 1026 1724 Latinorum
1043 1669 1140 1725 lactio-

118 1768 178 1808 nem
200 1752 280 1807 istam
302 1754 378 1808 Luna
396 1757 431 1810 14
455 1754 558 1808 Pascha
582 1754 735 1826 peregisse3
758 1753 841 1809 veluti
864 1770 934 1809 anno
952 1753 1051 1810 Christi
1068 1756 1140 1819 382,

119 1854 172 1911 quo
201 1836 314 1909 insignis
343 1837 376 1893 de
399 1839 530 1894 Paschate
553 1839 737 1894 controversia
759 1839 831 1894 inter
854 1837 1007 1898 Catholicos
1030 1841 1141 1912 agitata,

118 1938 199 1995 qnam
213 1921 373 1978 Ambrosius
395 1923 422 1978 in
445 1923 583 1979 luculenta
597 1923 642 1978 illa
658 1923 778 1996 Epistola
794 1924 936 1998 disceptat,
960 1942 1040 1998 quam
1058 1942 1143 1998 snper

119 2023 148 2063 aa
168 2024 201 2063 re
224 2007 332 2079 scripsit
354 2007 387 2062 ad
408 2007 557 2080 Episcopus
579 2009 717 2064 Aemiliae.
748 2009 777 2063 ln
800 2009 846 2064 illo
869 2010 952 2082 igitur
973 2028 1044 2066 anno
1067 2011 1144 2068 hati-

120 2109 168 2149 nos
191 2091 293 2148 Paulus
316 2092 526 2165 Porosempron.
556 2094 690 2149 existimat
711 2095 815 2151 Pascha
836 2095 902 2166 Apr.
923 2097 958 2152 18
989 2096 1141 2153 celebrasse

121 2177 228 2251 inipso
251 2177 383 2241 termino,
407 2195 461 2250 quo
484 2196 564 2234 sunm
586 2179 689 2234 Pascha
711 2180 782 2235 intra
804 2180 981 2252 praestitutos
1004 2197 1019 2235 a
1043 2180 1142 2235 Caeso·

121 2261 202 2319 nansi
221 2261 341 2318 Concilio
364 2263 463 2318 limites
486 2263 667 2319 continerent.
698 2266 728 2319 ln
751 2282 815 2338 quo,
840 2272 871 2319 ut
893 2264 998 2336 opinor,
1022 2263 1139 2327 aberrat,

120 2363 148 2405 ac
169 2355 226 2403 tam
248 2363 281 2402 ex
304 2347 421 2420 ipsomet
437 2348 590 2412 Ambrosio,
615 2365 696 2421 quam
719 2366 750 2417 ex
766 2348 918 2404 Victoriana
941 2348 1035 2420 regula
1056 2348 1142 2404 casti·

119 2432 223 2505 gandus
252 2441 303 2489 est.
347 2431 505 2488 Ambrosius
529 2434 600 2488 enim
623 2432 718 2488 scribit
738 2432 853 2488 ludaeos
876 2448 947 2488 anno
970 2433 1016 2488 illo
1038 2433 1142 2505 Pascha

118 2516 280 2574 duodecimo
302 2533 412 2581 mense,
436 2518 493 2572 Xlll
515 2517 627 2572 Kalend.
649 2517 733 2590 April.
756 2519 810 2573 hoc
832 2525 874 2573 est
895 2517 982 2572 Martii
1006 2519 1045 2574 26
1068 2517 1144 2575 calm

115 2599 223 2660 hrassc.
255 2602 360 2674 Quippe
385 2612 437 2657 tam
460 2603 574 2666 ludaeis,
599 2620 678 2675 qiram
697 2602 798 2658 Latinis
822 2602 972 2674 communis
995 2620 1081 2659 annus
1097 2603 1142 2660 tus
1205 2629 1212 2644 ·

115 2686 183 2753 luit,
215 2687 296 2760 Cyclo
318 2687 435 2743 Nicaeno
460 2690 493 2752 8;
523 2687 632 2743 illorum
655 2705 718 2743 vero
745 2691 772 2744 5.
818 2686 914 2761 Cyclas
938 2698 996 2744 crat
1018 2689 1089 2745 Solis
1112 2692 1142 2754 4,

108 2769 196 2831 lisera
220 2772 249 2827 G.
293 2772 441 2828 Neomenia
468 2773 624 2829 latinorum
653 2773 713 2829 iniit
740 2772 828 2828 Martii
851 2776 885 2830 6:
917 2773 1020 2830 decima
1047 2783 1142 2847 quarta

108 2857 235 2930 proinde
256 2857 342 2913 Martii
370 2861 414 2922 ta,
439 2858 504 2913 seria
528 2860 556 2914 6.
587 2858 672 2931 Igitur
694 2859 798 2915 Pascha
821 2875 854 2914 ex
875 2859 984 2915 Victorii
1007 2859 1144 2932 praescri-

106 2956 165 3015 pto
193 2942 300 3004 incidit¹
316 2942 343 2997 in
366 2943 452 2998 Martii
476 2945 525 3008 21,
549 2944 625 2999 Luna
651 2945 698 3000 16.
743 2944 801 3000 Uno
824 2944 868 2999 die
890 2944 1048 3000 Latinorum
1069 2943 1143 2998 Neo-

107 3027 209 3087 menta
231 3027 364 3083 Iudaicam
387 3029 546 3096 antevertit;
570 3029 592 3084 si
615 3028 724 3101 quidem
747 3029 887 3085 Paschatis
902 3029 1001 3084 Iudaici
1023 3028 1143 3091 nominc,

109 3111 251 3172 decimam
274 3122 398 3187 quartam
414 3114 515 3169 Lunam
530 3113 691 3170 Amhrosins
709 3114 851 3178 intellexit,
873 3131 928 3169 non
944 3113 1058 3184 primam
1071 3114 1145 3184 Azy-

108 3213 238 3256 morum.
282 3197 348 3252 Nam
372 3198 474 3254 Pascha
500 3198 667 3254 celebratum
690 3216 751 3254 esse
773 3207 865 3254 narrat
886 3197 972 3253 Martii
996 3199 1051 3261 20,
1081 3211 1142 3252 cnm

111 3283 278 3341 Latinorum
301 3283 404 3338 decima
427 3292 522 3357 quarta
545 3283 649 3340 decimo
672 3300 745 3339 nono
768 3282 934 3338 convenerit.
965 3281 1038 3336 Idem
1061 3289 1088 3336 et
1109 3279 1144 3336 dr

114 3367 234 3441 reliquis
257 3367 401 3440 exemplis,
432 3385 502 3441 quae
524 3368 624 3424 Paulus
647 3376 855 3433 commemorat,
885 3366 967 3422 dehet
989 3383 1050 3422 esse
1072 3365 1145 3421 inda

118 3536 226 3593 Pascha
248 3554 327 3593 snum
353 3538 380 3593 in
404 3539 548 3593 terminum
571 3539 767 3600 coniecerunt.
788 3536 905 3593 Proinde
927 3536 1087 3610 segregandi
1109 3534 1144 3593 nh

120 3621 180 3679 aliis
209 3631 304 3679 erum:
333 3623 374 3679 uti
397 3624 450 3679 dno
472 3623 628 3679 latinorum
650 3637 766 3698 genera,
794 3622 837 3680 vel
857 3625 1014 3680 eorumdem
1037 3623 1091 3681 duo
1111 3639 1145 3681 ac
