2534 4154
472 318 762 370 auininvmsmues.
1071 304 1130 370 1411

112 473 146 531 oe
168 491 223 548 qua
245 491 288 532 re¹
295 474 471 548 postmodum
494 484 600 548 agetur,
628 485 658 532 ut
680 485 708 533 et
730 475 764 532 de
784 474 870 531 Natali
894 474 993 532 Christi
1014 492 1045 532 ae
1066 492 1133 536 vero

110 559 237 634 laptismi
260 568 288 615 et
310 559 447 617 Passionis
469 576 550 617 anno.
1047 583 1049 587 ’

117 678 121 687 -
178 647 316 703 44.414
315 640 397 721 napi
419 643 561 724 34441443
582 637 742 719 πνεύματι]
767 645 879 702 Praeter
897 646 1090 705 coniecturam
1096 644 1133 705 tlrt

109 729 160 787 1444
184 747 266 803 quam
287 730 321 786 ad
344 747 418 785 oram
438 730 624 795 adteruimus,
648 732 767 788 occurrit
789 729 872 788 serihi
891 748 983 804 posse,
995 726 1075 809 περὶ
1093 748 1135 793 oo

109 816 152 895 τῷ
173 834 376 961 πί144114.
327 918 376 954 και
369 858 608 968 atellanae
576 919 630 956 τον
650 893 785 974 Πέτρον]
822 854 954 974 Egregius
976 902 1021 959 hie
1042 856 1133 968 144111Ι

110 987 140 1043 dx
162 1002 219 1059 quo
241 985 329 1059 liquet
351 985 462 1041 Petrum
478 985 599 1041 Andreae
622 1001 653 1039 44
675 985 790 1041 caeteris
806 986 953 1058 Apostolis,
976 1004 1032 1043 nou
1055 995 1133 1047 neu«

109 1071 152 1136 tis,
178 1078 225 1126 aut
240 1070 387 1126 vocationis
403 1071 507 1135 ordine,
530 1070 579 1126 sed
594 1070 761 1144 principatus
777 1088 808 1126 ae
823 1070 970 1143 dignitatis,
989 1071 1134 1145 anteponis·

195 1158 298 1213 4414.
328 1150 406 1231 φασὶ
427 1148 486 1229 γὰρ
509 1146 607 1222 οὕτως
629 1147 657 1210 oi
680 1147 780 1228 ἄλλοι]
812 1155 908 1211 Mirum
932 1157 1061 1229 estquod
1077 1158 1133 1219 hott

109 1239 170 1296 loeo
193 1240 290 1295 asserit
311 1240 427 1312 primum
444 1240 585 1297 ,Herodem
606 1241 723 1314 fugisse:
750 1249 845 1313 postea
867 1241 1044 1306 Nazaretum,
1066 1242 1133 1299 indo

110 1325 142 1381 ad
172 1324 337 1398 baptismum
365 1325 512 1382 accessisse
521 1345 534 1380 τι
558 1343 626 1398 quae
656 1342 745 1400 neque
768 1342 830 1380 oum
851 1325 1010 1397 Evangelio,
1040 1343 1130 1399 neque

111 1427 172 1466 aum
195 1408 382 1483 superioribus
405 1410 561 1466 cohaerent.
591 1411 656 1466 Nam
672 1410 806 1466 Herodem
830 1411 899 1483 sugit
920 1411 1050 1468 duntaxat
1066 1419 1133 1484 post

111 1494 229 1552 loannis
238 1510 344 1555 ueeem
368 1512 439 1569 quae
461 1495 542 1568 longe
564 1505 627 1568 post
649 1495 813 1569 baptismum
835 1496 945 1565 aedidit..
973 1495 1037 1592 Vide
1060 1511 1180 1570 quaem·

111 1580 140 1636 ad
164 1597 189 1636 4.
208 1581 246 1637 28
270 1579 453 1636 observamus
492 1584 496 1592 “
1113 1595 1129 1639 t

195 1663 300 1722 4421)
327 1655 404 1722 ,ὅδὲ
422 1657 563 1738 Ιωάιινης
585 1658 635 1720 καὶ
657 1658 713 1739 τὴν
739 1657 900 1742 πρόθεσιν]
945 1666 1019 1722 Fort.
1049 1656 1131 1723 κατὰ

109 1744 164 1826 τὴν
185 1743 344 1824 πρόθεσιν
1114 1774 1130 1801 .ε

145 1837 296 1892 -.4444
328 1852 418 1908 uuopp
418 1835 529 1910 opodoe
553 1826 586 1889 δὲ
607 1826 709 1908 πάλιν]
744 1833 852 1891 Nullum
875 1844 918 1890 est
939 1835 967 1890 in
988 1835 1030 1890 his
1052 1834 1130 1895 libuit

104 1928 297 1994 argumentum
325 1919 353 1974 iu
381 1936 436 1993 quo
466 1918 605 1974 tractando
634 1919 695 1992 plus
724 1935 823 1992 operae
852 1937 883 1975 ae
916 1920 998 1977 studii
1026 1921 1131 1981 navarit

101 2003 285 2080 Epiphanius·
298 2020 378 2077 quam
401 2004 429 2059 in
444 2021 473 2060 ea
491 2004 661 2077 quaestione,
685 2018 738 2076 qua
754 2005 885 2061 Dominiei
900 2005 1000 2062 Natalis
1016 2015 1043 2061 et
1059 2005 1131 2065 Pae*

102 2090 193 2146 monis
215 2106 304 2146 aurius
325 2089 493 2161 inquiritur„
525 2089 578 2145 Sed
602 2106 653 2145 444
674 2089 818 2146 obscurior
840 2106 953 2163 usquam
976 2092 1052 2147 loeus
1075 2099 1130 2158 estu

99 2185 155 2233 aut
175 2175 206 2231 iu
221 2191 291 2248 aquo,
305 2175 397 2231 minus
417 2175 561 2247 interpreti
594 2175 766 2246 tergiversari
794 2192 824 2231 ae
847 2175 1016 2231 dissimulare
1038 2175 1130 2237 tieem

99 2259 224 2316 Tantum
248 2259 325 2314 abest
347 2268 378 2315 ut
400 2259 426 2313 in
450 2277 482 2314 eo
506 2259 666 2314 declarando
690 2276 724 2314 44
748 2260 782 2315 sit
797 2260 904 2332 longior
917 2259 1006 2316 uereri
1021 2259 1128 2335 debeata

97 2355 154 2402 aut
175 2343 308 2400 vinstituta
335 2360 365 2399 se
387 2343 516 2400 Notarum
541 2352 567 2400 et
588 2343 857 2399 Animadversionum
880 2344 1011 2400 brevitate
1032 2344 1130 2400 delen-

97 2432 182 2487 dere.
214 2430 301 2501 Atque
324 2445 354 2484 ea
377 2446 442 2485 sane
464 2429 587 2500 quaestio
610 2445 671 2483 oum
694 2446 750 2484 non
772 2429 864 2484 minus
883 2430 934 2484 hac
956 2437 1129 2501 tempestate.

98 2531 190 2591 (44444
213 2514 309 2586 priscis
332 2513 383 2571 illis
401 2512 580 2585 temporibus,
604 2512 725 2569 eruditos
741 2522 874 2577 exorceat,
898 2530 931 2569 eo
947 2513 1064 2586 denique
1078 2513 1130 2591 adp

98 2601 191 2656 dueta
212 2615 256 2654 res
279 2608 330 2663 ast,
354 2608 384 2654 ut
406 2598 453 2670 qui
476 2597 607 2655 inscitiam
628 2608 706 2652 ¹suam
724 2599 842 2671 ingenue
858 2599 946 2654 lassus
962 2599 1053 2664 suerit,
1074 2616 1129 2672 pm

99 2684 261 2742 demtionem
290 2684 390 2740 exitum
418 2691 530 2755 quiaerat
558 2699 638 2754 quam
668 2683 690 2738 si
719 2683 786 2740 certi
803 2683 919 2756 aliquid
948 2693 975 2741 et
997 2683 1128 2758 explorant

102 2783 256 2835 tenerese
278 2768 509 2842 posseoonfidat.
551 2767 585 2825 Ut
607 2768 679 2823 enim
701 2786 718 2831 a
738 2769 932 2827 vetustioribus
955 2770 1060 2827 initium
1082 2787 1130 2829 itu-i

99 2863 210 2929 petam,
231 2854 294 2925 quis
315 2862 459 2927 antequam
480 2852 601 2927 Dionysii
621 2853 738 2927 vulgaris
759 2854 802 2910 illa
825 2854 893 2910 ratio
916 2855 1128 2928 percrebuissatt

102 2941 134 2997 iu
159 2947 261 2996 cartam
283 2955 314 2994 44
329 2939 504 2996 constitutam
520 2938 682 2995 sententiam
697 2939 798 2996 includi
813 2956 843 2996 se
857 2957 954 3012 passus
971 2938 1032 2999 est‘l
1055 2941 1168 3003 141494

101 3040 174 3098 gum
185 3032 240 3082 ,est
262 3032 289 3081 et
311 3023 430 3081 otiosum
452 3031 574 3081 veterum
589 3023 699 3080 Petrum
715 3025 858 3097 opiniones
874 3023 1128 3097 omnesporseqlit

103 3110 192 3182 idque
214 3107 247 3168 ds
267 3108 328 3171 aliis
351 3108 559 3182 diligenterest
580 3109 696 3174 4441444,
719 3109 879 3182 praesertim
901 3127 916 3164 a
938 3107 1128 3167 1141441444·

103 3194 234 3273 etrofapi
254 3188 425 3271 μακαρίτῃ,Ι
442 3203 470 3251 et
492 3195 592 3250 loanne
613 3192 729 3266 Keplero
752 3194 950 3258 Mathematieo,
972 3192 1128 3251 inerudite

104 3279 161 3341 illa.
175 3278 366 3340 dissertatione
394 3279 427 3335 de
456 3296 526 3340 anno
542 3278 633 3335 Natali
662 3287 689 3334 et
718 3279 745 3334 ia
775 3279 882 3350 Eulogii
912 3277 1129 3350 chronologicis,

106 3372 139 3421 ut
161 3363 195 3423 de
207 3363 395 3422 illustrissimi
416 3363 529 3420 Baronii-
544 3362 692 3419 Annalibus
709 3380 748 3420 ,44
769 3362 884 3420 caeteris
906 3361 1128 3437 Chruuograplu‘p

106 3457 221 3507 uenam.
242 3447 374 3517 ‚Quorum
397 3449 517 3507 umidum
538 3456 601 3522 post
623 3455 679 3503 tam
700 3447 859 3520 exquisitam
881 3456 909 3504 et
924 3456 1044 3504 exactam
1059 3456 1129 3520 opta

107 3550 176 3593 mut.
193 3548 429 3607 supervacaneum.
454 3533 536 3591 uideri
550 3541 670 3606 ¹poterat
697 3531 813 3592 anobis
836 3549 867 3589 ea
890 3532 1128 3606 disputari-vohun

19 3681 22 3689 ,
106 3619 238 3686 nutias.
255 3634 331 3692 quae
342 3617 484 3677 ,4441441
508 3618 559 3676 illis
570 3627 646 3693 ‘suut
661 3618 840 3691 aeouratequa
855 3617 987 3693 disoussa,
999 3618 1128 3695 ,uisiaq
