<?xml version="1.0" encoding="UTF-8"?>
<!DOCTYPE html PUBLIC "-//W3C//DTD XHTML 1.0 Transitional//EN"
    "http://www.w3.org/TR/xhtml1/DTD/xhtml1-transitional.dtd">
<html xmlns="http://www.w3.org/1999/xhtml" xml:lang="en" lang="en">
 <head>
  <title>
</title>
<meta http-equiv="Content-Type" content="text/html;charset=utf-8" />
  <meta name='ocr-system' content='tesseract 3.04.00' />
  <meta name='ocr-capabilities' content='ocr_page ocr_carea ocr_par ocr_line ocrx_word'/>
</head>
<body>
  <div class='ocr_page' id='page_1' title='image "./epiphaniiepisco00epipgoog_0313.png"; bbox 0 0 2534 4154; ppageno 0'>
   <div class='ocr_carea' id='block_1_1' title="bbox 146 291 719 370">
    <p class='ocr_par' dir='ltr' id='par_1_1' title="bbox 146 291 719 370">
     <span class='ocr_line' id='line_1_1' title="bbox 146 291 719 370; baseline 0.009 -12"><span class='ocrx_word' id='word_1_1' title='bbox 146 291 210 370; x_wconf 67' lang='lat'>208</span> <span class='ocrx_word' id='word_1_2' title='bbox 525 342 530 351; x_wconf 77' lang='lat'>,</span> <span class='ocrx_word' id='word_1_3' title='bbox 605 313 719 363; x_wconf 80' lang='lat' dir='ltr'>cernui</span> 
     </span>
    </p>
   </div>
   <div class='ocr_carea' id='block_1_2' title="bbox 33 459 1191 3689">
    <p class='ocr_par' dir='ltr' id='par_1_2' title="bbox 145 459 1170 629">
     <span class='ocr_line' id='line_1_2' title="bbox 145 459 1170 544; baseline 0.003 -20"><span class='ocrx_word' id='word_1_4' title='bbox 145 468 217 543; x_wconf 66' lang='lat' dir='ltr'>opud</span> <span class='ocrx_word' id='word_1_5' title='bbox 240 467 417 541; x_wconf 76' lang='lat' dir='ltr'>Epiphaniam</span> <span class='ocrx_word' id='word_1_6' title='bbox 440 485 502 524; x_wconf 90' lang='lat' dir='ltr'>vero</span> <span class='ocrx_word' id='word_1_7' title='bbox 524 485 575 543; x_wconf 92' lang='lat' dir='ltr'>per</span> <span class='ocrx_word' id='word_1_8' title='bbox 595 469 795 542; x_wconf 69' lang='lat' dir='ltr'>diphthongum</span> <span class='ocrx_word' id='word_1_9' title='bbox 818 467 956 533; x_wconf 76' lang='lat' dir='ltr'>scribitur,</span> <span class='ocrx_word' id='word_1_10' title='bbox 979 477 1009 524; x_wconf 92' lang='lat' dir='ltr'>ut</span> <span class='ocrx_word' id='word_1_11' title='bbox 1031 459 1091 526; x_wconf 80' lang='grc' dir='ltr'>ἀπὸ</span> <span class='ocrx_word' id='word_1_12' title='bbox 1115 471 1170 544; x_wconf 81' lang='grc' dir='ltr'>τῆς</span> 
     </span>
     <span class='ocr_line' id='line_1_3' title="bbox 145 547 1166 629; baseline 0.002 -20"><span class='ocrx_word' id='word_1_13' title='bbox 145 547 445 629; x_wconf 73' lang='lat' dir='ltr'>Mopsiogoriginem</span> <span class='ocrx_word' id='word_1_14' title='bbox 468 553 582 614; x_wconf 80' lang='lat' dir='ltr'>duxerit.</span> <span class='ocrx_word' id='word_1_15' title='bbox 612 554 762 610; x_wconf 86' lang='lat' dir='ltr'><strong>Possumus</strong></span> <span class='ocrx_word' id='word_1_16' title='bbox 785 562 812 610; x_wconf 90' lang='lat' dir='ltr'>et</span> <span class='ocrx_word' id='word_1_17' title='bbox 834 547 1044 628; x_wconf 79' lang='grc' dir='ltr'><em>Μαρεωτικὴν</em></span> <span class='ocrx_word' id='word_1_18' title='bbox 1064 554 1166 628; x_wconf 84' lang='lat' dir='ltr'>legere,</span> 
     </span>
    </p>

    <p class='ocr_par' dir='ltr' id='par_1_3' title="bbox 92 637 1168 797">
     <span class='ocr_line' id='line_1_4' title="bbox 92 637 1168 712; baseline 0.006 -22"><span class='ocrx_word' id='word_1_19' title='bbox 92 637 220 711; x_wconf 77' lang='lat' dir='ltr'>eoquod</span> <span class='ocrx_word' id='word_1_20' title='bbox 250 638 344 695; x_wconf 90' lang='lat' dir='ltr'>eodem</span> <span class='ocrx_word' id='word_1_21' title='bbox 374 638 478 695; x_wconf 78' lang='lat' dir='ltr'>recidit.</span> <span class='ocrx_word' id='word_1_22' title='bbox 522 639 588 695; x_wconf 87' lang='lat' dir='ltr'>Nam</span> <span class='ocrx_word' id='word_1_23' title='bbox 610 638 754 695; x_wconf 84' lang='lat' dir='ltr'>Mareotica</span> <span class='ocrx_word' id='word_1_24' title='bbox 775 641 898 712; x_wconf 78' lang='lat' dir='ltr'>Aegypto</span> <span class='ocrx_word' id='word_1_25' title='bbox 928 639 1114 695; x_wconf 76' lang='lat' dir='ltr'>contribuitur</span> <span class='ocrx_word' id='word_1_26' title='bbox 1140 648 1168 696; x_wconf 88' lang='lat' dir='ltr'>et</span> 
     </span>
     <span class='ocr_line' id='line_1_5' title="bbox 147 720 556 797; baseline 0.007 -19"><span class='ocrx_word' id='word_1_27' title='bbox 147 739 208 790; x_wconf 81' lang='lat' dir='ltr'>oum</span> <span class='ocrx_word' id='word_1_28' title='bbox 231 723 313 797; x_wconf 79' lang='lat' dir='ltr'>libya</span> <span class='ocrx_word' id='word_1_29' title='bbox 335 720 455 797; x_wconf 86' lang='lat' dir='ltr'>copulari</span> <span class='ocrx_word' id='word_1_30' title='bbox 477 725 556 781; x_wconf 87' lang='lat' dir='ltr'>solet.</span> 
     </span>
    </p>

    <p class='ocr_par' dir='ltr' id='par_1_4' title="bbox 145 803 1169 1137">
     <span class='ocr_line' id='line_1_6' title="bbox 171 803 1169 883; baseline -0.002 -16"><span class='ocrx_word' id='word_1_31' title='bbox 171 866 174 871; x_wconf 75' lang='grc'>,</span> <span class='ocrx_word' id='word_1_32' title='bbox 234 812 293 867; x_wconf 86' lang='grc'>703</span> <span class='ocrx_word' id='word_1_33' title='bbox 310 826 334 864; x_wconf 85' lang='lat' dir='ltr'>c.</span> <span class='ocrx_word' id='word_1_34' title='bbox 363 803 588 883; x_wconf 81' lang='grc' dir='ltr'>Λεπτημάνην]</span> <span class='ocrx_word' id='word_1_35' title='bbox 618 809 710 883; x_wconf 87' lang='lat' dir='ltr'>Leptis</span> <span class='ocrx_word' id='word_1_36' title='bbox 731 809 840 864; x_wconf 91' lang='lat' dir='ltr'>nomine</span> <span class='ocrx_word' id='word_1_37' title='bbox 864 809 931 865; x_wconf 85' lang='lat' dir='ltr'>duae</span> <span class='ocrx_word' id='word_1_38' title='bbox 955 817 1104 865; x_wconf 81' lang='lat' dir='ltr'>censentur</span> <span class='ocrx_word' id='word_1_39' title='bbox 1119 827 1169 865; x_wconf 89' lang='lat' dir='ltr'>ur-</span> 
     </span>
     <span class='ocr_line' id='line_1_7' title="bbox 145 891 1168 967; baseline 0.002 -18"><span class='ocrx_word' id='word_1_40' title='bbox 145 891 195 951; x_wconf 87' lang='lat' dir='ltr'>bes</span> <span class='ocrx_word' id='word_1_41' title='bbox 219 894 244 948; x_wconf 93' lang='lat' dir='ltr'>in</span> <span class='ocrx_word' id='word_1_42' title='bbox 262 894 349 949; x_wconf 84' lang='lat' dir='ltr'>Africa</span> <span class='ocrx_word' id='word_1_43' title='bbox 372 894 443 966; x_wconf 91' lang='lat' dir='ltr'>apud</span> <span class='ocrx_word' id='word_1_44' title='bbox 458 894 583 958; x_wconf 81' lang='lat' dir='ltr'>Plinium,</span> <span class='ocrx_word' id='word_1_45' title='bbox 606 893 702 951; x_wconf 78' lang='lat' dir='ltr'>illelom</span> <span class='ocrx_word' id='word_1_46' title='bbox 725 904 778 950; x_wconf 90' lang='lat' dir='ltr'>etc.</span> <span class='ocrx_word' id='word_1_47' title='bbox 801 894 886 950; x_wconf 85' lang='lat' dir='ltr'>altera</span> <span class='ocrx_word' id='word_1_48' title='bbox 907 903 1091 967; x_wconf 86' lang='lat' dir='ltr'>cognomento</span> <span class='ocrx_word' id='word_1_49' title='bbox 1108 912 1168 951; x_wconf 88' lang='lat' dir='ltr'>ma-</span> 
     </span>
     <span class='ocr_line' id='line_1_8' title="bbox 145 978 1166 1052; baseline 0.001 -18"><span class='ocrx_word' id='word_1_50' title='bbox 145 995 214 1051; x_wconf 79' lang='lat' dir='ltr'>gna,</span> <span class='ocrx_word' id='word_1_51' title='bbox 244 980 327 1035; x_wconf 85' lang='lat' dir='ltr'>altera</span> <span class='ocrx_word' id='word_1_52' title='bbox 356 995 435 1051; x_wconf 88' lang='lat' dir='ltr'>parva</span> <span class='ocrx_word' id='word_1_53' title='bbox 458 979 564 1035; x_wconf 93' lang='lat' dir='ltr'>dicitur.</span> <span class='ocrx_word' id='word_1_54' title='bbox 609 979 745 1052; x_wconf 86' lang='lat' dir='ltr'>Apriore</span> <span class='ocrx_word' id='word_1_55' title='bbox 767 978 900 1034; x_wconf 79' lang='lat' dir='ltr'>formatur</span> <span class='ocrx_word' id='word_1_56' title='bbox 921 995 971 1052; x_wconf 89' lang='lat' dir='ltr'>per</span> <span class='ocrx_word' id='word_1_57' title='bbox 992 979 1166 1035; x_wconf 80' lang='lat' dir='ltr'>inflexionem</span> 
     </span>
     <span class='ocr_line' id='line_1_9' title="bbox 145 1062 1168 1137; baseline 0.002 -18"><span class='ocrx_word' id='word_1_58' title='bbox 145 1062 378 1137; x_wconf 72' lang='lat' dir='ltr'>leptimagnensis</span> <span class='ocrx_word' id='word_1_59' title='bbox 401 1064 472 1136; x_wconf 91' lang='lat' dir='ltr'>apud</span> <span class='ocrx_word' id='word_1_60' title='bbox 495 1063 656 1137; x_wconf 83' lang='lat' dir='ltr'>Cypriauum</span> <span class='ocrx_word' id='word_1_61' title='bbox 679 1063 707 1119; x_wconf 91' lang='lat' dir='ltr'>in</span> <span class='ocrx_word' id='word_1_62' title='bbox 721 1063 848 1137; x_wconf 84' lang='lat' dir='ltr'>Episcop.</span> <span class='ocrx_word' id='word_1_63' title='bbox 875 1063 1023 1120; x_wconf 82' lang='lat' dir='ltr'>Sententiis</span> <span class='ocrx_word' id='word_1_64' title='bbox 1045 1064 1080 1119; x_wconf 93' lang='lat' dir='ltr'>de</span> <span class='ocrx_word' id='word_1_65' title='bbox 1096 1064 1168 1121; x_wconf 85' lang='lat' dir='ltr'>llae-</span> 
     </span>
    </p>

    <p class='ocr_par' dir='ltr' id='par_1_5' title="bbox 33 1143 1191 3689">
     <span class='ocr_line' id='line_1_10' title="bbox 50 1143 1167 1222; baseline 0 -17"><span class='ocrx_word' id='word_1_66' title='bbox 50 1143 53 1157; x_wconf 77' lang='grc'>’</span> <span class='ocrx_word' id='word_1_67' title='bbox 145 1148 237 1213; x_wconf 70' lang='lat' dir='ltr'>coticis</span> <span class='ocrx_word' id='word_1_68' title='bbox 260 1149 425 1222; x_wconf 88' lang='lat' dir='ltr'>baptizandis</span> <span class='ocrx_word' id='word_1_69' title='bbox 448 1147 499 1204; x_wconf 91' lang='lat' dir='ltr'>sub</span> <span class='ocrx_word' id='word_1_70' title='bbox 521 1147 612 1205; x_wconf 86' lang='lat' dir='ltr'>linem.</span> <span class='ocrx_word' id='word_1_71' title='bbox 658 1148 769 1204; x_wconf 87' lang='lat' dir='ltr'>Videtur</span> <span class='ocrx_word' id='word_1_72' title='bbox 789 1148 872 1222; x_wconf 90' lang='lat' dir='ltr'>igitur</span> <span class='ocrx_word' id='word_1_73' title='bbox 893 1149 965 1221; x_wconf 91' lang='lat' dir='ltr'>apud</span> <span class='ocrx_word' id='word_1_74' title='bbox 986 1149 1167 1222; x_wconf 79' lang='lat' dir='ltr'>Epipbeuium</span> 
     </span>
     <span class='ocr_line' id='line_1_11' title="bbox 144 1224 1017 1308; baseline -0.003 -17"><span class='ocrx_word' id='word_1_75' title='bbox 144 1228 370 1308; x_wconf 75' lang='grc' dir='ltr'>Λεπῑιμάγνην</span> <span class='ocrx_word' id='word_1_76' title='bbox 390 1232 620 1298; x_wconf 87' lang='lat' dir='ltr'>substituendum,</span> <span class='ocrx_word' id='word_1_77' title='bbox 644 1242 691 1290; x_wconf 91' lang='lat' dir='ltr'>aut</span> <span class='ocrx_word' id='word_1_78' title='bbox 712 1242 787 1289; x_wconf 88' lang='lat' dir='ltr'>certe</span> <span class='ocrx_word' id='word_1_79' title='bbox 808 1224 1017 1308; x_wconf 74' lang='grc' dir='ltr'><em>Λεπτιτάνην.</em></span> 
     </span>
     <span class='ocr_line' id='line_1_12' title="bbox 232 1312 1167 1395; baseline 0.002 -22"><span class='ocrx_word' id='word_1_80' title='bbox 232 1313 282 1375; x_wconf 79' lang='grc' dir='ltr'>καὶ</span> <span class='ocrx_word' id='word_1_81' title='bbox 313 1321 368 1392; x_wconf 83' lang='grc' dir='ltr'>τῆς</span> <span class='ocrx_word' id='word_1_82' title='bbox 396 1312 455 1375; x_wconf 70' lang='grc' dir='ltr'>ἴσω</span> <span class='ocrx_word' id='word_1_83' title='bbox 477 1315 508 1374; x_wconf 91' lang='grc' dir='ltr'><strong><em>Γ</em></strong></span> <span class='ocrx_word' id='word_1_84' title='bbox 507 1313 641 1395; x_wconf 73' lang='grc' dir='ltr'><strong><em>αδείρης]</em></strong></span> <span class='ocrx_word' id='word_1_85' title='bbox 687 1317 768 1387; x_wconf 82' lang='lat' dir='ltr'>Quasi</span> <span class='ocrx_word' id='word_1_86' title='bbox 797 1318 893 1374; x_wconf 87' lang='lat' dir='ltr'>Gadira</span> <span class='ocrx_word' id='word_1_87' title='bbox 919 1319 996 1391; x_wconf 86' lang='lat' dir='ltr'>regio</span> <span class='ocrx_word' id='word_1_88' title='bbox 1024 1320 1167 1392; x_wconf 74' lang='lat' dir='ltr'>quaepiam</span> 
     </span>
     <span class='ocr_line' id='line_1_13' title="bbox 33 1401 1169 1477; baseline 0 -17"><span class='ocrx_word' id='word_1_89' title='bbox 33 1422 38 1431; x_wconf 83' lang='lat'>·</span> <span class='ocrx_word' id='word_1_90' title='bbox 145 1401 250 1461; x_wconf 61' lang='lat' dir='ltr'>Africae</span> <span class='ocrx_word' id='word_1_91' title='bbox 273 1404 317 1468; x_wconf 87' lang='lat' dir='ltr'>sit,</span> <span class='ocrx_word' id='word_1_92' title='bbox 341 1413 387 1459; x_wconf 87' lang='lat' dir='ltr'>aut</span> <span class='ocrx_word' id='word_1_93' title='bbox 408 1403 598 1469; x_wconf 79' lang='lat' dir='ltr'>Mauritaniae,</span> <span class='ocrx_word' id='word_1_94' title='bbox 622 1403 850 1477; x_wconf 84' lang='lat' dir='ltr'>quemadmodum</span> <span class='ocrx_word' id='word_1_95' title='bbox 873 1411 901 1458; x_wconf 93' lang='lat' dir='ltr'>et</span> <span class='ocrx_word' id='word_1_96' title='bbox 923 1403 1081 1476; x_wconf 79' lang='lat' dir='ltr'>Tingitanae</span> <span class='ocrx_word' id='word_1_97' title='bbox 1105 1404 1169 1460; x_wconf 89' lang='lat' dir='ltr'>llis·</span> 
     </span>
     <span class='ocr_line' id='line_1_14' title="bbox 145 1487 1169 1562; baseline 0.001 -19"><span class='ocrx_word' id='word_1_98' title='bbox 145 1489 256 1562; x_wconf 89' lang='lat' dir='ltr'>spaniae</span> <span class='ocrx_word' id='word_1_99' title='bbox 278 1505 378 1545; x_wconf 84' lang='lat' dir='ltr'>nornen</span> <span class='ocrx_word' id='word_1_100' title='bbox 400 1488 567 1562; x_wconf 87' lang='lat' dir='ltr'>impositum,</span> <span class='ocrx_word' id='word_1_101' title='bbox 591 1496 622 1543; x_wconf 92' lang='lat' dir='ltr'>ut</span> <span class='ocrx_word' id='word_1_102' title='bbox 644 1487 770 1561; x_wconf 88' lang='lat' dir='ltr'>Hispania</span> <span class='ocrx_word' id='word_1_103' title='bbox 794 1488 992 1552; x_wconf 82' lang='lat' dir='ltr'>Transiretana,</span> <span class='ocrx_word' id='word_1_104' title='bbox 1015 1488 1058 1544; x_wconf 91' lang='lat' dir='ltr'>vel</span> <span class='ocrx_word' id='word_1_105' title='bbox 1073 1489 1169 1556; x_wconf 78' lang='lat' dir='ltr'>Tingi-</span> 
     </span>
     <span class='ocr_line' id='line_1_15' title="bbox 145 1572 1168 1646; baseline -0.001 -15"><span class='ocrx_word' id='word_1_106' title='bbox 145 1579 207 1631; x_wconf 84' lang='lat' dir='ltr'>tana</span> <span class='ocrx_word' id='word_1_107' title='bbox 231 1574 382 1637; x_wconf 89' lang='lat' dir='ltr'>diceretur,</span> <span class='ocrx_word' id='word_1_108' title='bbox 405 1579 434 1629; x_wconf 94' lang='lat' dir='ltr'>in</span> <span class='ocrx_word' id='word_1_109' title='bbox 455 1572 563 1638; x_wconf 87' lang='lat' dir='ltr'>Notitia.</span> <span class='ocrx_word' id='word_1_110' title='bbox 594 1573 722 1630; x_wconf 82' lang='lat' dir='ltr'>Fortasse</span> <span class='ocrx_word' id='word_1_111' title='bbox 743 1573 781 1629; x_wconf 89' lang='lat' dir='ltr'>sic</span> <span class='ocrx_word' id='word_1_112' title='bbox 804 1573 977 1646; x_wconf 82' lang='lat' dir='ltr'>interpretari</span> <span class='ocrx_word' id='word_1_113' title='bbox 999 1575 1168 1630; x_wconf 87' lang='lat' dir='ltr'>commodius</span> 
     </span>
     <span class='ocr_line' id='line_1_16' title="bbox 145 1650 1169 1736; baseline -0.002 -22"><span class='ocrx_word' id='word_1_114' title='bbox 145 1656 218 1722; x_wconf 88' lang='lat' dir='ltr'>lieet,</span> <span class='ocrx_word' id='word_1_115' title='bbox 242 1668 272 1715; x_wconf 91' lang='lat' dir='ltr'>ut</span> <span class='ocrx_word' id='word_1_116' title='bbox 289 1652 397 1733; x_wconf 73' lang='grc' dir='ltr'><em>χώρας</em></span> <span class='ocrx_word' id='word_1_117' title='bbox 418 1657 603 1722; x_wconf 88' lang='lat' dir='ltr'>subaudiatur,</span> <span class='ocrx_word' id='word_1_118' title='bbox 626 1652 714 1736; x_wconf 80' lang='grc' dir='ltr'><em>μέχρι</em></span> <span class='ocrx_word' id='word_1_119' title='bbox 732 1650 839 1735; x_wconf 76' lang='grc' dir='ltr'><strong><em>χώρας</em></strong></span> <span class='ocrx_word' id='word_1_120' title='bbox 861 1658 915 1732; x_wconf 79' lang='grc' dir='ltr'>τῆς</span> <span class='ocrx_word' id='word_1_121' title='bbox 929 1650 989 1714; x_wconf 71' lang='grc' dir='ltr'>ἴσω</span> <span class='ocrx_word' id='word_1_122' title='bbox 1004 1654 1022 1713; x_wconf 86' lang='lat'><em>1</em></span> <span class='ocrx_word' id='word_1_123' title='bbox 1027 1653 1169 1736; x_wconf 72' lang='grc' dir='ltr'>ἀδείρης,</span> 
     </span>
     <span class='ocr_line' id='line_1_17' title="bbox 147 1743 915 1817; baseline 0.005 -19"><span class='ocrx_word' id='word_1_124' title='bbox 147 1760 216 1817; x_wconf 88' lang='lat' dir='ltr'>quae</span> <span class='ocrx_word' id='word_1_125' title='bbox 239 1744 305 1798; x_wconf 89' lang='lat' dir='ltr'>citra</span> <span class='ocrx_word' id='word_1_126' title='bbox 329 1743 415 1799; x_wconf 85' lang='lat' dir='ltr'>Gades</span> <span class='ocrx_word' id='word_1_127' title='bbox 438 1743 513 1815; x_wconf 86' lang='lat' dir='ltr'>regio</span> <span class='ocrx_word' id='word_1_128' title='bbox 536 1743 581 1799; x_wconf 90' lang='lat' dir='ltr'>sit.</span> <span class='ocrx_word' id='word_1_129' title='bbox 913 1797 915 1802; x_wconf 92' lang='lat'><em>.</em></span> 
     </span>
     <span class='ocr_line' id='line_1_18' title="bbox 226 1819 1167 1904; baseline 0.005 -24"><span class='ocrx_word' id='word_1_130' title='bbox 226 1820 481 1902; x_wconf 76' lang='grc' dir='ltr'><em>Ἀλαβαστρίτην]</em></span> <span class='ocrx_word' id='word_1_131' title='bbox 518 1828 582 1900; x_wconf 85' lang='lat' dir='ltr'>Leg.</span> <span class='ocrx_word' id='word_1_132' title='bbox 600 1819 845 1904; x_wconf 77' lang='grc' dir='ltr'><em>Ἀλαβαστρΐτιν.</em></span> <span class='ocrx_word' id='word_1_133' title='bbox 886 1827 939 1882; x_wconf 89' lang='lat' dir='ltr'>Sed</span> <span class='ocrx_word' id='word_1_134' title='bbox 962 1826 1009 1882; x_wconf 90' lang='lat' dir='ltr'>ubi</span> <span class='ocrx_word' id='word_1_135' title='bbox 1031 1837 1167 1885; x_wconf 85' lang='lat' dir='ltr'>terrarum</span> 
     </span>
     <span class='ocr_line' id='line_1_19' title="bbox 107 1909 1169 1986; baseline -0.001 -17"><span class='ocrx_word' id='word_1_136' title='bbox 107 1962 109 1969; x_wconf 93' lang='lat'><em>.</em></span> <span class='ocrx_word' id='word_1_137' title='bbox 146 1909 198 1967; x_wconf 89' lang='lat' dir='ltr'>ista</span> <span class='ocrx_word' id='word_1_138' title='bbox 221 1912 355 1983; x_wconf 84' lang='lat' dir='ltr'>provincia</span> <span class='ocrx_word' id='word_1_139' title='bbox 378 1913 421 1975; x_wconf 88' lang='lat' dir='ltr'>sit,</span> <span class='ocrx_word' id='word_1_140' title='bbox 445 1913 511 1967; x_wconf 92' lang='lat' dir='ltr'>mihi</span> <span class='ocrx_word' id='word_1_141' title='bbox 533 1911 653 1967; x_wconf 89' lang='lat' dir='ltr'>nondum</span> <span class='ocrx_word' id='word_1_142' title='bbox 675 1912 741 1968; x_wconf 87' lang='lat' dir='ltr'>satis</span> <span class='ocrx_word' id='word_1_143' title='bbox 764 1913 934 1985; x_wconf 82' lang='lat' dir='ltr'>explicatum.</span> <span class='ocrx_word' id='word_1_144' title='bbox 965 1913 994 1968; x_wconf 94' lang='lat' dir='ltr'>ln</span> <span class='ocrx_word' id='word_1_145' title='bbox 1017 1911 1104 1986; x_wconf 83' lang='lat' dir='ltr'>Syrio,</span> <span class='ocrx_word' id='word_1_146' title='bbox 1128 1913 1169 1969; x_wconf 91' lang='lat' dir='ltr'>vel</span> 
     </span>
     <span class='ocr_line' id='line_1_20' title="bbox 147 1994 1169 2069; baseline 0 -16"><span class='ocrx_word' id='word_1_147' title='bbox 147 1994 261 2057; x_wconf 83' lang='lat' dir='ltr'>finitimo</span> <span class='ocrx_word' id='word_1_148' title='bbox 290 1995 379 2068; x_wconf 91' lang='lat' dir='ltr'>aliquo</span> <span class='ocrx_word' id='word_1_149' title='bbox 407 1997 440 2051; x_wconf 90' lang='lat' dir='ltr'>ad</span> <span class='ocrx_word' id='word_1_150' title='bbox 469 1996 607 2051; x_wconf 82' lang='lat' dir='ltr'>Orientem</span> <span class='ocrx_word' id='word_1_151' title='bbox 637 2005 724 2052; x_wconf 85' lang='lat' dir='ltr'>tractu</span> <span class='ocrx_word' id='word_1_152' title='bbox 751 1997 867 2069; x_wconf 87' lang='lat' dir='ltr'>positam</span> <span class='ocrx_word' id='word_1_153' title='bbox 897 2015 957 2052; x_wconf 92' lang='lat' dir='ltr'>esse</span> <span class='ocrx_word' id='word_1_154' title='bbox 980 1997 1169 2055; x_wconf 89' lang='lat' dir='ltr'>demonstrant</span> 
     </span>
     <span class='ocr_line' id='line_1_21' title="bbox 146 2074 1170 2158; baseline 0.003 -22"><span class='ocrx_word' id='word_1_155' title='bbox 146 2079 289 2137; x_wconf 83' lang='lat' dir='ltr'>adiunctae</span> <span class='ocrx_word' id='word_1_156' title='bbox 312 2081 437 2153; x_wconf 79' lang='lat' dir='ltr'>regiones</span> <span class='ocrx_word' id='word_1_157' title='bbox 461 2090 593 2136; x_wconf 83' lang='lat' dir='ltr'>caeterae.</span> <span class='ocrx_word' id='word_1_158' title='bbox 614 2081 697 2153; x_wconf 83' lang='lat' dir='ltr'>Atqui</span> <span class='ocrx_word' id='word_1_159' title='bbox 718 2081 874 2138; x_wconf 80' lang='lat' dir='ltr'>Ptolemaeo</span> <span class='ocrx_word' id='word_1_160' title='bbox 890 2074 1094 2158; x_wconf 70' lang='grc' dir='ltr'><strong><em>Άλαβάστρα</em></strong></span> <span class='ocrx_word' id='word_1_161' title='bbox 1114 2087 1170 2139; x_wconf 91' lang='lat' dir='ltr'>Ae-</span> 
     </span>
     <span class='ocr_line' id='line_1_22' title="bbox 145 2165 1168 2240; baseline 0.004 -20"><span class='ocrx_word' id='word_1_162' title='bbox 145 2166 222 2239; x_wconf 83' lang='lat' dir='ltr'>gypti</span> <span class='ocrx_word' id='word_1_163' title='bbox 245 2165 311 2221; x_wconf 91' lang='lat' dir='ltr'>urbs</span> <span class='ocrx_word' id='word_1_164' title='bbox 334 2176 384 2230; x_wconf 91' lang='lat' dir='ltr'>est,</span> <span class='ocrx_word' id='word_1_165' title='bbox 409 2176 437 2223; x_wconf 90' lang='lat' dir='ltr'>et</span> <span class='ocrx_word' id='word_1_166' title='bbox 458 2165 644 2221; x_wconf 86' lang='lat' dir='ltr'>Alabastrinus</span> <span class='ocrx_word' id='word_1_167' title='bbox 665 2166 693 2221; x_wconf 90' lang='lat' dir='ltr'>in</span> <span class='ocrx_word' id='word_1_168' title='bbox 717 2167 810 2222; x_wconf 88' lang='lat' dir='ltr'>eadem</span> <span class='ocrx_word' id='word_1_169' title='bbox 832 2169 955 2240; x_wconf 84' lang='lat' dir='ltr'>Aegypto</span> <span class='ocrx_word' id='word_1_170' title='bbox 978 2184 1067 2223; x_wconf 92' lang='lat' dir='ltr'>mons.</span> <span class='ocrx_word' id='word_1_171' title='bbox 1098 2168 1168 2224; x_wconf 86' lang='lat' dir='ltr'>Plin.</span> 
     </span>
     <span class='ocr_line' id='line_1_23' title="bbox 149 2247 1170 2324; baseline 0.001 -16"><span class='ocrx_word' id='word_1_172' title='bbox 149 2252 178 2316; x_wconf 77' lang='lat'>5,</span> <span class='ocrx_word' id='word_1_173' title='bbox 195 2253 223 2308; x_wconf 84' lang='lat'>9.</span> <span class='ocrx_word' id='word_1_174' title='bbox 255 2251 354 2308; x_wconf 65' lang='lat' dir='ltr'>Aedis</span> <span class='ocrx_word' id='word_1_175' title='bbox 382 2251 489 2324; x_wconf 84' lang='lat' dir='ltr'>oppidu</span> <span class='ocrx_word' id='word_1_176' title='bbox 509 2250 661 2315; x_wconf 77' lang='lat' dir='ltr'>Mercurii,</span> <span class='ocrx_word' id='word_1_177' title='bbox 689 2247 877 2316; x_wconf 72' lang='lat' dir='ltr'>Alabastros,</span> <span class='ocrx_word' id='word_1_178' title='bbox 909 2251 1024 2308; x_wconf 71' lang='lat' dir='ltr'>cneum.</span> <span class='ocrx_word' id='word_1_179' title='bbox 1069 2252 1170 2309; x_wconf 86' lang='lat' dir='ltr'>Verum</span> 
     </span>
     <span class='ocr_line' id='line_1_24' title="bbox 147 2334 1170 2410; baseline 0 -17"><span class='ocrx_word' id='word_1_180' title='bbox 147 2345 222 2393; x_wconf 81' lang='lat' dir='ltr'>extra</span> <span class='ocrx_word' id='word_1_181' title='bbox 251 2336 318 2393; x_wconf 85' lang='lat' dir='ltr'>fines</span> <span class='ocrx_word' id='word_1_182' title='bbox 346 2337 476 2410; x_wconf 86' lang='lat' dir='ltr'>Aegypti,</span> <span class='ocrx_word' id='word_1_183' title='bbox 506 2337 559 2392; x_wconf 89' lang='lat' dir='ltr'>hoc</span> <span class='ocrx_word' id='word_1_184' title='bbox 588 2343 630 2392; x_wconf 87' lang='lat' dir='ltr'>est</span> <span class='ocrx_word' id='word_1_185' title='bbox 658 2334 728 2391; x_wconf 89' lang='lat' dir='ltr'>ultra</span> <span class='ocrx_word' id='word_1_186' title='bbox 757 2336 973 2392; x_wconf 80' lang='lat' dir='ltr'>Rhinocoruram</span> <span class='ocrx_word' id='word_1_187' title='bbox 999 2336 1170 2394; x_wconf 82' lang='lat' dir='ltr'>Alabastritis</span> 
     </span>
     <span class='ocr_line' id='line_1_25' title="bbox 145 2419 1170 2495; baseline 0.002 -19"><span class='ocrx_word' id='word_1_188' title='bbox 145 2419 289 2495; x_wconf 80' lang='lat' dir='ltr'>Epiphanii</span> <span class='ocrx_word' id='word_1_189' title='bbox 317 2421 398 2479; x_wconf 89' lang='lat' dir='ltr'>dehet</span> <span class='ocrx_word' id='word_1_190' title='bbox 427 2439 502 2486; x_wconf 90' lang='lat' dir='ltr'>esse,</span> <span class='ocrx_word' id='word_1_191' title='bbox 532 2438 621 2494; x_wconf 89' lang='lat' dir='ltr'>neque</span> <span class='ocrx_word' id='word_1_192' title='bbox 650 2431 739 2478; x_wconf 90' lang='lat' dir='ltr'>tamen</span> <span class='ocrx_word' id='word_1_193' title='bbox 767 2422 794 2476; x_wconf 90' lang='lat' dir='ltr'>in</span> <span class='ocrx_word' id='word_1_194' title='bbox 817 2422 948 2495; x_wconf 79' lang='lat' dir='ltr'>Phrygia,</span> <span class='ocrx_word' id='word_1_195' title='bbox 977 2421 1024 2477; x_wconf 87' lang='lat' dir='ltr'>ubi</span> <span class='ocrx_word' id='word_1_196' title='bbox 1047 2422 1170 2478; x_wconf 87' lang='lat' dir='ltr'>eiusdem</span> 
     </span>
     <span class='ocr_line' id='line_1_26' title="bbox 147 2500 1170 2582; baseline 0.002 -21"><span class='ocrx_word' id='word_1_197' title='bbox 147 2506 264 2563; x_wconf 88' lang='lat' dir='ltr'>nominis</span> <span class='ocrx_word' id='word_1_198' title='bbox 287 2508 416 2581; x_wconf 90' lang='lat' dir='ltr'>oppidum</span> <span class='ocrx_word' id='word_1_199' title='bbox 439 2507 555 2564; x_wconf 87' lang='lat' dir='ltr'>collocat</span> <span class='ocrx_word' id='word_1_200' title='bbox 577 2506 742 2581; x_wconf 88' lang='lat' dir='ltr'>Stephanus,</span> <span class='ocrx_word' id='word_1_201' title='bbox 769 2505 922 2578; x_wconf 89' lang='lat' dir='ltr'>ibidemque</span> <span class='ocrx_word' id='word_1_202' title='bbox 945 2501 1037 2562; x_wconf 70' lang='lat' dir='ltr'>iiiior</span> <span class='ocrx_word' id='word_1_203' title='bbox 1058 2500 1170 2582; x_wconf 76' lang='lat' dir='ltr'>dedoq-</span> 
     </span>
     <span class='ocr_line' id='line_1_27' title="bbox 145 2590 1172 2665; baseline 0.004 -21"><span class='ocrx_word' id='word_1_204' title='bbox 145 2606 207 2662; x_wconf 78' lang='grc' dir='ltr'>μον</span> <span class='ocrx_word' id='word_1_205' title='bbox 234 2592 347 2665; x_wconf 88' lang='lat' dir='ltr'>reperiri</span> <span class='ocrx_word' id='word_1_206' title='bbox 376 2592 483 2656; x_wconf 87' lang='lat' dir='ltr'>scribit,</span> <span class='ocrx_word' id='word_1_207' title='bbox 513 2593 565 2648; x_wconf 93' lang='lat' dir='ltr'>boc</span> <span class='ocrx_word' id='word_1_208' title='bbox 587 2601 628 2649; x_wconf 87' lang='lat' dir='ltr'>est</span> <span class='ocrx_word' id='word_1_209' title='bbox 651 2591 841 2647; x_wconf 86' lang='lat' dir='ltr'>Alabastriten.</span> <span class='ocrx_word' id='word_1_210' title='bbox 888 2590 976 2659; x_wconf 82' lang='lat' dir='ltr'>Quare</span> <span class='ocrx_word' id='word_1_211' title='bbox 998 2590 1115 2664; x_wconf 90' lang='lat' dir='ltr'>amplius</span> <span class='ocrx_word' id='word_1_212' title='bbox 1137 2592 1172 2648; x_wconf 86' lang='lat' dir='ltr'>dc</span> 
     </span>
     <span class='ocr_line' id='line_1_28' title="bbox 147 2668 1171 2749; baseline 0.004 -21"><span class='ocrx_word' id='word_1_213' title='bbox 147 2689 181 2729; x_wconf 82' lang='lat' dir='ltr'>ea</span> <span class='ocrx_word' id='word_1_214' title='bbox 201 2676 313 2746; x_wconf 89' lang='lat' dir='ltr'>regione</span> <span class='ocrx_word' id='word_1_215' title='bbox 336 2677 517 2749; x_wconf 81' lang='lat' dir='ltr'>cogitandum.</span> <span class='ocrx_word' id='word_1_216' title='bbox 547 2676 625 2749; x_wconf 92' lang='lat' dir='ltr'>Apud</span> <span class='ocrx_word' id='word_1_217' title='bbox 644 2676 760 2732; x_wconf 88' lang='lat' dir='ltr'>eundem</span> <span class='ocrx_word' id='word_1_218' title='bbox 776 2675 943 2748; x_wconf 88' lang='lat' dir='ltr'>Stephanum</span> <span class='ocrx_word' id='word_1_219' title='bbox 959 2668 1171 2732; x_wconf 77' lang='lat' dir='ltr'>invenio&#39;AAo·</span> 
     </span>
     <span class='ocr_line' id='line_1_29' title="bbox 146 2750 1171 2836; baseline 0.008 -25"><span class='ocrx_word' id='word_1_220' title='bbox 146 2750 275 2834; x_wconf 77' lang='grc' dir='ltr'>βούριον</span> <span class='ocrx_word' id='word_1_221' title='bbox 296 2751 383 2826; x_wconf 80' lang='grc' dir='ltr'><strong><em>πόλις</em></strong></span> <span class='ocrx_word' id='word_1_222' title='bbox 399 2756 516 2836; x_wconf 79' lang='grc' dir='ltr'><strong><em>Συρίας</em></strong></span> <span class='ocrx_word' id='word_1_223' title='bbox 537 2778 570 2816; x_wconf 82' lang='lat' dir='ltr'>ex</span> <span class='ocrx_word' id='word_1_224' title='bbox 586 2761 713 2825; x_wconf 85' lang='lat' dir='ltr'>Charace,</span> <span class='ocrx_word' id='word_1_225' title='bbox 738 2763 756 2819; x_wconf 88' lang='lat'>8</span> <span class='ocrx_word' id='word_1_226' title='bbox 773 2760 936 2817; x_wconf 74' lang='lat' dir='ltr'>chronicon.</span> <span class='ocrx_word' id='word_1_227' title='bbox 968 2761 1051 2817; x_wconf 76' lang='lat' dir='ltr'>duim</span> <span class='ocrx_word' id='word_1_228' title='bbox 1072 2777 1107 2816; x_wconf 78' lang='lat' dir='ltr'>ex</span> <span class='ocrx_word' id='word_1_229' title='bbox 1128 2762 1171 2819; x_wconf 87' lang='lat' dir='ltr'>al-</span> 
     </span>
     <span class='ocr_line' id='line_1_30' title="bbox 147 2841 1191 2919; baseline 0.005 -21"><span class='ocrx_word' id='word_1_230' title='bbox 147 2841 252 2899; x_wconf 85' lang='lat' dir='ltr'>linitate</span> <span class='ocrx_word' id='word_1_231' title='bbox 281 2845 352 2900; x_wconf 91' lang='lat' dir='ltr'>vocis</span> <span class='ocrx_word' id='word_1_232' title='bbox 382 2844 440 2901; x_wconf 90' lang='lat' dir='ltr'>vide</span> <span class='ocrx_word' id='word_1_233' title='bbox 469 2863 503 2900; x_wconf 89' lang='lat' dir='ltr'>au</span> <span class='ocrx_word' id='word_1_234' title='bbox 531 2845 563 2900; x_wconf 94' lang='lat' dir='ltr'>ad</span> <span class='ocrx_word' id='word_1_235' title='bbox 592 2846 666 2902; x_wconf 92' lang='lat' dir='ltr'>hunc</span> <span class='ocrx_word' id='word_1_236' title='bbox 688 2845 829 2919; x_wconf 84' lang='lat' dir='ltr'>Epiphanii</span> <span class='ocrx_word' id='word_1_237' title='bbox 855 2845 947 2902; x_wconf 90' lang='lat' dir='ltr'>locum</span> <span class='ocrx_word' id='word_1_238' title='bbox 970 2845 1191 2903; x_wconf 89' lang='lat' dir='ltr'>emendandum·</span> 
     </span>
     <span class='ocr_line' id='line_1_31' title="bbox 146 2929 621 3003; baseline 0 -19"><span class='ocrx_word' id='word_1_239' title='bbox 146 2929 300 3002; x_wconf 83' lang='lat' dir='ltr'>compendii</span> <span class='ocrx_word' id='word_1_240' title='bbox 322 2929 422 3002; x_wconf 91' lang='lat' dir='ltr'>aliquid</span> <span class='ocrx_word' id='word_1_241' title='bbox 443 2929 532 3003; x_wconf 88' lang='lat' dir='ltr'>possit</span> <span class='ocrx_word' id='word_1_242' title='bbox 552 2929 621 2985; x_wconf 87' lang='lat' dir='ltr'>fieri.</span> 
     </span>
     <span class='ocr_line' id='line_1_32' title="bbox 234 3005 1172 3089; baseline 0.003 -20"><span class='ocrx_word' id='word_1_243' title='bbox 234 3008 284 3069; x_wconf 80' lang='lat' dir='ltr'>uni</span> <span class='ocrx_word' id='word_1_244' title='bbox 303 3006 463 3089; x_wconf 78' lang='grc' dir='ltr'><em>Ὁμηρῖτιν</em></span> <span class='ocrx_word' id='word_1_245' title='bbox 484 3007 533 3067; x_wconf 79' lang='grc' dir='ltr'>καὶ</span> <span class='ocrx_word' id='word_1_246' title='bbox 551 3005 725 3087; x_wconf 81' lang='grc' dir='ltr'>Ἀξωμῖτιν]</span> <span class='ocrx_word' id='word_1_247' title='bbox 757 3014 955 3070; x_wconf 79' lang='lat' dir='ltr'>homeritarum</span> <span class='ocrx_word' id='word_1_248' title='bbox 978 3015 1054 3088; x_wconf 87' lang='lat' dir='ltr'>regio</span> <span class='ocrx_word' id='word_1_249' title='bbox 1072 3015 1100 3070; x_wconf 92' lang='lat' dir='ltr'>in</span> <span class='ocrx_word' id='word_1_250' title='bbox 1115 3017 1172 3072; x_wconf 86' lang='lat' dir='ltr'>Ae-</span> 
     </span>
     <span class='ocr_line' id='line_1_33' title="bbox 148 3097 1172 3173; baseline 0 -17"><span class='ocrx_word' id='word_1_251' title='bbox 148 3098 251 3172; x_wconf 87' lang='lat' dir='ltr'>thiopia</span> <span class='ocrx_word' id='word_1_252' title='bbox 280 3108 409 3156; x_wconf 85' lang='lat' dir='ltr'>censetur</span> <span class='ocrx_word' id='word_1_253' title='bbox 436 3098 508 3172; x_wconf 89' lang='lat' dir='ltr'>apud</span> <span class='ocrx_word' id='word_1_254' title='bbox 530 3097 625 3172; x_wconf 90' lang='lat' dir='ltr'>Stepb.</span> <span class='ocrx_word' id='word_1_255' title='bbox 648 3097 751 3154; x_wconf 81' lang='lat' dir='ltr'>Plinius</span> <span class='ocrx_word' id='word_1_256' title='bbox 776 3101 804 3163; x_wconf 82' lang='lat'>6,</span> <span class='ocrx_word' id='word_1_257' title='bbox 822 3101 861 3158; x_wconf 80' lang='lat'>28</span> <span class='ocrx_word' id='word_1_258' title='bbox 889 3100 961 3156; x_wconf 89' lang='lat' dir='ltr'>inter</span> <span class='ocrx_word' id='word_1_259' title='bbox 982 3099 1095 3157; x_wconf 80' lang='lat' dir='ltr'>Arabiae</span> <span class='ocrx_word' id='word_1_260' title='bbox 1119 3117 1172 3173; x_wconf 89' lang='lat' dir='ltr'>po-</span> 
     </span>
     <span class='ocr_line' id='line_1_34' title="bbox 147 3183 1172 3258; baseline 0.001 -18"><span class='ocrx_word' id='word_1_261' title='bbox 147 3184 228 3258; x_wconf 79' lang='lat' dir='ltr'>pulos</span> <span class='ocrx_word' id='word_1_262' title='bbox 244 3183 397 3241; x_wconf 88' lang='lat' dir='ltr'>Homeritas</span> <span class='ocrx_word' id='word_1_263' title='bbox 419 3191 553 3247; x_wconf 86' lang='lat' dir='ltr'>recenset,</span> <span class='ocrx_word' id='word_1_264' title='bbox 577 3200 608 3240; x_wconf 91' lang='lat' dir='ltr'>ac</span> <span class='ocrx_word' id='word_1_265' title='bbox 630 3183 869 3241; x_wconf 85' lang='lat' dir='ltr'>numerosissimos</span> <span class='ocrx_word' id='word_1_266' title='bbox 893 3201 953 3240; x_wconf 92' lang='lat' dir='ltr'>esse</span> <span class='ocrx_word' id='word_1_267' title='bbox 975 3184 1079 3241; x_wconf 82' lang='lat' dir='ltr'>scribit.</span> <span class='ocrx_word' id='word_1_268' title='bbox 1103 3184 1172 3241; x_wconf 82' lang='lat' dir='ltr'>Pto·</span> 
     </span>
     <span class='ocr_line' id='line_1_35' title="bbox 148 3267 1171 3342; baseline 0.001 -17"><span class='ocrx_word' id='word_1_269' title='bbox 148 3267 212 3327; x_wconf 80' lang='lat' dir='ltr'>lem.</span> <span class='ocrx_word' id='word_1_270' title='bbox 242 3270 332 3327; x_wconf 88' lang='lat' dir='ltr'>locum</span> <span class='ocrx_word' id='word_1_271' title='bbox 361 3269 412 3325; x_wconf 91' lang='lat' dir='ltr'>illis</span> <span class='ocrx_word' id='word_1_272' title='bbox 441 3270 468 3325; x_wconf 91' lang='lat' dir='ltr'>in</span> <span class='ocrx_word' id='word_1_273' title='bbox 490 3267 586 3325; x_wconf 89' lang='lat' dir='ltr'>Arabia</span> <span class='ocrx_word' id='word_1_274' title='bbox 609 3268 697 3325; x_wconf 84' lang='lat' dir='ltr'>Felice</span> <span class='ocrx_word' id='word_1_275' title='bbox 727 3267 821 3325; x_wconf 91' lang='lat' dir='ltr'>tribuit</span> <span class='ocrx_word' id='word_1_276' title='bbox 844 3270 1002 3342; x_wconf 90' lang='lat' dir='ltr'>etquidem</span> <span class='ocrx_word' id='word_1_277' title='bbox 1025 3270 1171 3326; x_wconf 88' lang='lat' dir='ltr'>inintimo</span> 
     </span>
     <span class='ocr_line' id='line_1_36' title="bbox 148 3352 1171 3427; baseline 0.002 -17"><span class='ocrx_word' id='word_1_278' title='bbox 148 3370 276 3420; x_wconf 82' lang='lat' dir='ltr'>recessu,</span> <span class='ocrx_word' id='word_1_279' title='bbox 306 3356 378 3412; x_wconf 91' lang='lat' dir='ltr'>baud</span> <span class='ocrx_word' id='word_1_280' title='bbox 405 3355 499 3427; x_wconf 90' lang='lat' dir='ltr'>procul</span> <span class='ocrx_word' id='word_1_281' title='bbox 528 3353 561 3409; x_wconf 93' lang='lat' dir='ltr'>ab</span> <span class='ocrx_word' id='word_1_282' title='bbox 584 3352 689 3409; x_wconf 88' lang='lat' dir='ltr'>Arabici</span> <span class='ocrx_word' id='word_1_283' title='bbox 718 3354 780 3411; x_wconf 86' lang='lat' dir='ltr'>ireti</span> <span class='ocrx_word' id='word_1_284' title='bbox 807 3353 945 3419; x_wconf 80' lang='lat' dir='ltr'>faucibus,</span> <span class='ocrx_word' id='word_1_285' title='bbox 980 3355 1080 3427; x_wconf 90' lang='lat' dir='ltr'>quibus</span> <span class='ocrx_word' id='word_1_286' title='bbox 1109 3372 1171 3412; x_wconf 86' lang='lat' dir='ltr'>eum</span> 
     </span>
     <span class='ocr_line' id='line_1_37' title="bbox 39 3437 1172 3512; baseline 0 -17"><span class='ocrx_word' id='word_1_287' title='bbox 39 3454 43 3461; x_wconf 88' lang='grc'><em>·</em></span> <span class='ocrx_word' id='word_1_288' title='bbox 149 3437 242 3497; x_wconf 86' lang='lat' dir='ltr'>llubro</span> <span class='ocrx_word' id='word_1_289' title='bbox 265 3441 331 3496; x_wconf 89' lang='lat' dir='ltr'>mari</span> <span class='ocrx_word' id='word_1_290' title='bbox 354 3439 540 3496; x_wconf 86' lang='lat' dir='ltr'>committitur.</span> <span class='ocrx_word' id='word_1_291' title='bbox 584 3439 640 3496; x_wconf 84' lang='lat' dir='ltr'>Nec</span> <span class='ocrx_word' id='word_1_292' title='bbox 662 3438 792 3496; x_wconf 89' lang='lat' dir='ltr'>abhorret</span> <span class='ocrx_word' id='word_1_293' title='bbox 814 3439 973 3512; x_wconf 85' lang='lat' dir='ltr'>Procopius,</span> <span class='ocrx_word' id='word_1_294' title='bbox 997 3440 1112 3512; x_wconf 77' lang='lat' dir='ltr'>quill</span> <span class='ocrx_word' id='word_1_295' title='bbox 1137 3440 1172 3495; x_wconf 91' lang='lat' dir='ltr'>de</span> 
     </span>
     <span class='ocr_line' id='line_1_38' title="bbox 148 3520 1170 3598; baseline -0.002 -17"><span class='ocrx_word' id='word_1_296' title='bbox 148 3520 222 3586; x_wconf 72' lang='lat' dir='ltr'>hello</span> <span class='ocrx_word' id='word_1_297' title='bbox 245 3524 355 3582; x_wconf 89' lang='lat' dir='ltr'>Persico</span> <span class='ocrx_word' id='word_1_298' title='bbox 377 3543 405 3598; x_wconf 91' lang='lat' dir='ltr'>p.</span> <span class='ocrx_word' id='word_1_299' title='bbox 423 3526 461 3583; x_wconf 83' lang='lat'>32</span> <span class='ocrx_word' id='word_1_300' title='bbox 484 3525 515 3587; x_wconf 91' lang='lat' dir='ltr'>in</span> <span class='ocrx_word' id='word_1_301' title='bbox 535 3524 631 3581; x_wconf 90' lang='lat' dir='ltr'>eodem</span> <span class='ocrx_word' id='word_1_302' title='bbox 653 3533 740 3580; x_wconf 89' lang='lat' dir='ltr'>tractu</span> <span class='ocrx_word' id='word_1_303' title='bbox 762 3524 840 3598; x_wconf 88' lang='lat' dir='ltr'>ponit</span> <span class='ocrx_word' id='word_1_304' title='bbox 862 3523 1023 3580; x_wconf 84' lang='lat' dir='ltr'>llomeritas.</span> <span class='ocrx_word' id='word_1_305' title='bbox 1066 3525 1170 3594; x_wconf 83' lang='lat' dir='ltr'>Quibus</span> 
     </span>
     <span class='ocr_line' id='line_1_39' title="bbox 148 3608 1170 3689; baseline 0.002 -24"><span class='ocrx_word' id='word_1_306' title='bbox 148 3609 291 3682; x_wconf 86' lang='lat' dir='ltr'>oppositos</span> <span class='ocrx_word' id='word_1_307' title='bbox 305 3627 365 3670; x_wconf 88' lang='lat' dir='ltr'>esse</span> <span class='ocrx_word' id='word_1_308' title='bbox 375 3618 470 3689; x_wconf 86' lang='lat' dir='ltr'>narrat</span> <span class='ocrx_word' id='word_1_309' title='bbox 491 3612 518 3667; x_wconf 91' lang='lat' dir='ltr'>in</span> <span class='ocrx_word' id='word_1_310' title='bbox 534 3608 618 3666; x_wconf 86' lang='lat' dir='ltr'>altera</span> <span class='ocrx_word' id='word_1_311' title='bbox 633 3609 791 3667; x_wconf 89' lang='lat' dir='ltr'>continente</span> <span class='ocrx_word' id='word_1_312' title='bbox 808 3618 882 3666; x_wconf 89' lang='lat' dir='ltr'>trans</span> <span class='ocrx_word' id='word_1_313' title='bbox 897 3609 996 3665; x_wconf 86' lang='lat' dir='ltr'>lretum</span> <span class='ocrx_word' id='word_1_314' title='bbox 1010 3611 1170 3685; x_wconf 79' lang='lat' dir='ltr'>Aethiopas,</span> 
     </span>
    </p>
   </div>
   <div class='ocr_carea' id='block_1_3' title="bbox 0 0 1277 4154">
    <p class='ocr_par' dir='ltr' id='par_1_6' title="bbox 0 0 1277 4154">
     <span class='ocr_line' id='line_1_40' title="bbox 0 0 1277 4154; baseline 0 0"><span class='ocrx_word' id='word_1_315' title='bbox 0 0 1277 4154; x_wconf 95' lang='lat' dir='ltr'> </span> 
     </span>
    </p>
   </div>
  </div>
 </body>
</html>
