2534 4154
3 375 8 387 .
106 342 180 385 LXXX
374 353 377 361 ·
461 337 574 389 l‘E'l'bVll
592 339 762 391 llEllleTlO.

106 497 180 552 nium
203 503 231 550 et
252 492 443 549 lrodiernarum
467 492 635 548 eversionem
657 493 815 560 Haeresum,
841 497 1062 568 opportunitates
1084 497 1128 553 in-

107 596 233 636 numeras
256 586 283 633 et
305 577 459 633 adiumenta
480 578 644 650 suppeditat.
674 579 793 634 Primum
813 580 888 652 quod
904 581 937 636 de
953 582 1011 649 eius
1028 582 1129 638 autbo-

106 665 197 728 ritate,
219 671 332 737 propter
354 671 381 717 et
403 661 543 735 scriptoris
565 671 727 719 vetustatem
752 675 779 721 et
797 665 931 721 illustrem
947 666 1019 722 inter
1032 667 1127 722 Patres

106 749 244 822 dignitatis
272 747 377 811 locum,
407 764 442 802 ne
471 747 523 820 ipsi
550 747 659 819 quidem
682 749 882 805 obtrectatores
905 751 1073 822 antiquitatis
1096 755 1128 807 ac

98 834 241 891 'bonorum
264 833 357 888 hostes
376 831 496 887 omnium
512 831 644 888 dubitant.
675 833 776 890 Deinde
793 837 867 906 quod
881 836 1027 908 praecipua
1042 853 1129 908 quae·

107 937 160 992 que
188 919 296 973 decreta
324 917 401 980 fidei,
432 934 500 988 qnae
528 917 710 989 opinosissimi
739 919 863 974 homines
893 921 935 975 bis
958 920 1128 993 temporibus

107 1004 218 1059 inficiari
240 1002 354 1066 audent,
386 1010 439 1056 tam
464 1001 598 1074 expressis
621 1001 653 1056 ab
676 1003 721 1057 illo
744 1004 907 1060 testimoniis
931 1005 1127 1078 approbantur,

107 1105 176 1161 quae
199 1097 289 1143 autem
311 1087 343 1142 iis
366 1086 403 1141 illi
426 1087 560 1142 contraria
583 1087 738 1152 defendunt,
766 1105 831 1144 suos
855 1089 888 1144 ad
912 1090 1050 1154 autbores,
1075 1091 1129 1146 boc

108 1182 150 1230 est
171 1172 342 1236 HaereticoS,
366 1180 490 1227 revocata
511 1179 632 1235 veteres,
660 1181 715 1227 tam
738 1173 856 1246 graviter
878 1191 909 1229 ac
932 1173 1028 1230 crebro
1051 1174 1095 1229 rel
1112 1205 1130 1216 -

107 1267 213 1324 tantur3
237 1266 268 1312 ut
290 1274 369 1329 quem
393 1256 480 1311 adbuc
502 1256 624 1310 falsitatis
647 1256 724 1312 istius
748 1275 802 1313 non
822 1259 932 1330 pudeat,
956 1276 1129 1314 communem

107 1352 170 1400 atate
193 1359 311 1406 sensum,
336 1358 416 1416 quam
439 1340 606 1403 modestiam,
629 1342 873 1416 verecundiamque
896 1344 1053 1416 perdiderit.

191 1427 263 1483 Haec
291 1427 324 1482 de
352 1424 500 1499 Epiphanio
530 1433 624 1480 nostro
657 1427 724 1482 adeo
757 1428 899 1499 magnilica
932 1427 1130 1500 splendideque

82 1515 204 1570 tiactata
232 1529 312 1585 quam
340 1528 402 1565 vera
430 1510 498 1574 sint,
527 1509 636 1581 planum
664 1511 693 1566 in
722 1512 836 1584 singulis
859 1513 1078 1568 Lntberanorum
1100 1522 1130 1570 et

108 1599 310 1655 Calvinistarnm
339 1593 477 1650 erroribus
504 1594 636 1659 lacerem,
670 1596 692 1651 si
721 1596 748 1650 id
777 1605 823 1652 aut
846 1597 981 1669 Epistolac
1010 1597 1129 1654 brevitas

108 1683 219 1746 sineret,
243 1691 289 1736 aut
304 1680 394 1743 alium,
419 1696 499 1750 quam
516 1687 551 1742 te,
570 1678 729 1744 (Cardinalis
744 1681 940 1752 illustrissime)
957 1683 1043 1738 oratio
1059 1683 1130 1738 baec

107 1785 122 1823 a
144 1767 223 1823 nobis
246 1766 368 1820 instituta
390 1763 547 1836 respiceret.
578 1764 631 1819 Sed
653 1765 680 1820 id
702 1775 750 1820 aut
771 1766 822 1821 alio
838 1766 953 1821 tortasse
968 1767 1029 1822 loco
1045 1784 1130 1839 prae-

108 1852 254 1914 stabimus,
284 1857 331 1904 aut
357 1848 390 1903 ad
418 1857 508 1903 certos
536 1848 675 1904 hodiernis
698 1867 713 1905 e
737 1850 922 1923 scriptoribus
945 1852 1128 1917 remittemus

108 1936 203 2010 quiin
227 1950 285 1989 eam
307 1941 410 2006 partem
435 1932 565 1997 studiose,
590 1950 620 1988 ac
643 1952 707 1989 sane
729 1936 832 1990 utiliter
848 1935 1040 1992 incubuerunt.
1068 1936 1129 1992 Tibi

107 2037 170 2075 vero
193 2027 256 2074 nota
278 2017 362 2090 magis
385 2017 438 2081 illa,
463 2034 543 2088 quam
565 2018 630 2073 mibi
653 2027 726 2082 sunt,
750 2020 796 2092 qni
819 2029 936 2094 quantus
953 2021 992 2075 vir
1006 2021 1129 2094 Epipha-

107 2105 168 2162 nius
191 2103 280 2167 luerit,
304 2111 489 2176 quantumque
511 2102 615 2158 Panarii
639 2104 716 2159 istius
734 2114 902 2160 momentum
918 2106 1023 2161 sitnon
1040 2106 1128 2161 aliena

107 2188 356 2252 commendatione,
391 2187 439 2242 sed
467 2187 556 2242 studio
585 2188 644 2260 ipse
672 2197 720 2244 tuo
751 2190 970 2262 experientiaque
999 2190 1125 2246 didicisti.

106 2280 145 2332 Ac
167 2274 294 2349 quicquid
316 2274 447 2328 hactenus
469 2271 510 2327 vel
532 2272 565 2328 de
580 2274 708 2329 Autboris
731 2274 812 2329 buius
835 2276 1009 2346 praestantia,
1033 2275 1075 2331 vel
1093 2276 1128 2331 de

107 2361 263 2417 Haereseon
277 2358 521 2415 labefactandarum
538 2358 642 2414 ratione
658 2358 737 2431 paulo
753 2358 896 2415 verbosius
912 2360 1047 2433 explicavi,
1071 2376 1128 2415 non

107 2447 133 2502 id
162 2455 209 2502 tua
237 2462 346 2509 caussa,
375 2460 465 2516 neque
493 2451 524 2498 ut
547 2445 620 2516 quod
641 2444 689 2500 abs
713 2452 739 2500 te
762 2444 866 2501 discere
889 2445 991 2510 debeo,
1023 2446 1076 2500 boc
1099 2453 1128 2501 te

107 2531 165 2604 ipse
188 2530 323 2595 docerem,
347 2520 514 2601 pertractare
536 2528 622 2594 volui,
648 2529 696 2585 sed
718 2538 749 2585 ut
772 2530 913 2585 consilium
936 2531 969 2586 de
995 2530 1045 2585 bac
1068 2529 1129 2585 edi-

106 2615 181 2670 tione
210 2630 299 2668 meum
328 2613 481 2686 expositum
510 2613 573 2677 tibi,
603 2631 618 2670 a
646 2623 728 2687 teque
756 2614 916 2688 probatum,
946 2623 1067 2671 manaret
1094 2613 1128 2668 ad

108 2706 240 2760 caeteros,
266 2705 367 2769 tuoque
390 2714 419 2751 se
443 2697 540 2752 iudicio
557 2705 584 2752 et
595 2699 760 2754 authoritate
776 2699 942 2755 defenderet.
974 2699 1059 2766 Quam
1075 2715 1126 2772 ego

107 2781 319 2856 praerogativam
340 2781 485 2835 voluntatis
507 2781 736 2854 humanitatisque
751 2791 822 2846 tuae,
846 2782 975 2855 dignitate
992 2784 1049 2855 ipsa
1063 2800 1128 2838 mu·

107 2867 180 2923 neris
202 2882 234 2920 ac
255 2864 343 2938 pretio
364 2863 509 2935 impetrare
532 2865 622 2930 malni,
646 2883 735 2938 quam,
759 2883 828 2938 quac
851 2867 912 2921 trita
936 2874 963 2920 et
983 2877 1128 2939 pervagata

107 2950 307 3008 Praelationum
329 2942 409 3020 seges
432 2956 482 3012 est,
506 2950 633 3004 ornandis
648 2950 702 3004 tuis
716 2949 851 3015 laudibus,
873 2967 904 3005 ac
919 2950 1048 3004 virtutum
1062 2957 1127 3006 tua-

107 3055 168 3094 rum
190 3034 334 3109 praeconio
358 3033 506 3107 colligere:
530 3032 596 3088 Nam
618 3034 689 3106 apud
712 3042 739 3089 te
761 3034 794 3088 de
817 3042 844 3089 te
866 3043 897 3090 ut
918 3034 999 3090 verba
1021 3035 1126 3101 faciam,

108 3120 252 3196 singularis
274 3136 343 3191 quae
366 3118 392 3173 in
415 3126 442 3174 te
465 3125 507 3174 est
529 3119 644 3191 gravitas
667 3135 697 3174 ac
719 3119 850 3175 modestia
866 3137 921 3175 non
937 3121 1047 3193 patitur.
1070 3120 1127 3178 Ne-

108 3225 162 3282 que
185 3216 211 3262 te
233 3203 426 3261 ambitiuncula
447 3203 507 3268 ista,
532 3212 560 3259 et
581 3203 655 3277 quod
677 3221 738 3260 esse
759 3204 983 3260 iucundissimum
1005 3206 1126 3261 omnium

108 3309 230 3350 acroama
253 3290 359 3354 dicitur,
383 3297 605 3345 ornamentorum
627 3297 736 3344 tuorum
759 3297 841 3362 atque
855 3289 1002 3363 insignium
1017 3291 1126 3364 praedi-

109 3378 178 3433 catio
201 3377 326 3434 delectat.
356 3374 449 3448 ltaque
471 3391 527 3429 non
549 3373 600 3429 alio
623 3383 765 3446 sequestre
788 3391 819 3430 ac
834 3375 1008 3431 conciliatore
1023 3376 1126 3448 gratiae

109 3471 171 3519 tuae
194 3479 275 3525 usuS,
305 3476 385 3532 quam
406 3458 555 3533 Epiphanio
579 3458 655 3531 ipso,
684 3459 717 3514 ad
739 3459 852 3516 tutelam
874 3460 991 3516 nominis
1014 3460 1054 3516 tui
1075 3477 1126 3534 pa-

109 3547 308 3618 trociniumque
330 3543 448 3618 coniugi.
479 3542 557 3612 Quod
579 3552 610 3599 ut
630 3543 696 3598 mibi
718 3543 875 3602 defuturum
896 3563 951 3602 non
974 3561 1034 3601 esse
1056 3561 1126 3600 con-

108 3631 204 3697 fidam,
238 3630 301 3687 lacit
332 3645 408 3687 amor
439 3628 570 3704 imprimis
602 3645 667 3702 erga
693 3628 785 3687 literas
814 3637 892 3686 tuus:
927 3640 988 3686 tum
1016 3630 1125 3704 pietatis
