2534 4154
150 321 190 382 52
603 333 716 382 eersvn

232 489 312 547 351).
342 488 441 544 ταῦτα
464 481 499 544 dd
518 506 576 560 μοι
600 479 655 543 οὐκ
677 485 719 555 εἰς
741 480 921 564 στρόβησιν]
959 485 1096 542 Pharisaei
1119 485 1170 542 etsi

145 575 239 631 Fatum
263 581 457 647 agnoscerent,
490 590 544 629 non
574 573 692 628 humana
715 582 804 629 tamen
828 572 917 628 omnia
939 589 970 627 ex
993 588 1026 626 eo
1051 571 1170 643 pendere

144 659 314 717 statuebant:
345 675 435 731 neque
462 657 577 713 liberam
609 659 725 714 hominis
761 658 925 737 voluntatem
955 666 1035 728 atque
1065 654 1170 711 arbitrii

144 752 307 818 potestatem
336 759 350 798 e
379 742 467 797 modio
498 742 645 807 tollebant,
673 744 714 798 uti
741 741 864 815 pluribus
893 742 1006 813 explicat
1036 741 1169 813 Iosephus

145 828 281 901 Orig.17,
302 831 329 891 2,
353 837 381 883 et
403 819 542 893 tardor,
562 830 608 885 12.
655 829 743 896 Quare
764 828 831 883 nihil
853 835 909 883 erat
932 844 981 881 cur
1001 825 1168 898 Epiphanius

145 923 304 986 sequentem
328 913 455 968 adversus
479 923 631 969 assertores
655 914 700 968 lati
722 913 931 985 disputationem
955 919 1049 966 contra
1071 910 1170 965 Phari·

145 1015 224 1054 saeos
247 998 416 1071 potissimum
439 998 583 1071 dirigeret,
609 1007 744 1072 quatenus
768 1015 798 1052 ea
819 1015 863 1052 res
879 997 912 1051 ad
928 998 1058 1051 humanas
1081 995 1170 1051 actio-

145 1099 193 1140 nes
217 1100 364 1157 earumque
388 1082 471 1138 libera
495 1083 607 1138 consilia
631 1084 764 1156 pertinet,
788 1099 858 1154 quae
880 1081 1039 1136 Pharisaeos
1063 1096 1170 1152 nequa·

145 1184 226 1240 quarn
249 1168 391 1224 sustulisse
414 1168 575 1223 Pharisaeus
599 1168 696 1223 asserit
718 1167 860 1239 losephns.

292 1422 335 1477 Ab
360 1422 525 1478 HAllRllSlN
551 1421 618 1478 xvll
641 1419 1025 1476 fldttunossnpmstaault.

233 1560 271 1617 36
287 1558 313 1614 d.
346 1558 493 1614 Commune
515 1556 620 1613 ludaeis
644 1557 785 1620 omnibus,
813 1564 840 1612 et
862 1555 991 1628 imprimis
1015 1553 1168 1610 Pharisaeis

135 1644 229 1700 ruisse
244 1643 348 1698 Marcus
365 1642 532 1715 Evangelista
556 1649 671 1697 testatur
694 1659 719 1702 c.
731 1647 757 1707 t,
776 1645 792 1700 3
810 1650 837 1697 et
854 1646 881 1705 4,
906 1648 936 1695 ut
959 1649 985 1695 et
1000 1657 1096 1694 manus
1112 1639 1170 1695 fre-

147 1737 263 1804 quenter
292 1727 448 1791 abluerent,
478 1736 505 1782 et
528 1745 543 1781 a
566 1727 626 1782 loro
650 1728 796 1783 redeuntes
819 1726 1032 1798 baptizarentur.
1079 1724 1168 1792 Quare

146 1830 202 1868 non
224 1811 330 1866 ridetur
352 1811 493 1883 peculiaris
518 1814 585 1868 haec
610 1822 684 1868 secta
706 1812 867 1867 ludaeorum
891 1809 1026 1874 extitisse;
1056 1809 1109 1864 nisi
1131 1809 1169 1864 ita

146 1896 281 1960 dicamus,
306 1895 460 1960 nonnullos,
484 1897 532 1970 qui
554 1915 583 1952 se
607 1897 749 1953 sanctitate
771 1905 909 1969 praestare
928 1893 1041 1950 caeteris
1059 1894 1166 1958 vellent,

146 1998 202 2037 non
224 1979 305 2035 modo
328 1981 434 2053 quoties
457 1998 471 2035 a
493 1981 552 2037 foro
576 1981 706 2046 redirent,
730 1998 823 2037 verum
846 1982 925 2036 etiam
948 1978 1055 2034 tametsi
1070 1978 1168 2051 pedem

146 2065 226 2121 domo
250 2082 304 2121 non
328 2065 496 2129 extulissent,
521 2065 554 2121 de
578 2066 620 2121 die
643 2067 751 2140 saepius
773 2066 862 2122 lavare
885 2065 1067 2121 consuevisse.
1114 2062 1169 2118 Cu-

135 2149 262 2208 iusmodi
277 2150 365 2205 Banns
389 2150 433 2205 ille
456 2151 514 2215 luit,
540 2151 583 2207 cui
607 2169 635 2206 se
658 2152 791 2224 losephus
813 2151 840 2206 in
863 2149 1029 2222 disciplinam
1048 2147 1167 2212 tradidit,

147 2243 178 2290 ut
206 2235 232 2291 in
261 2235 313 2290 vita
343 2252 390 2290 sua
413 2235 544 2309 scriptum
567 2235 686 2309 reliquit.
733 2235 810 2292 llunc
839 2236 910 2290 enim
943 2234 1026 2288 relert
1054 2228 1169 2312 ψυχρῷ

146 2309 237 2376 ὕδατι
260 2314 316 2396 τὴν
336 2312 455 2399 ἡμέραν
477 2317 526 2375 καὶ
549 2315 606 2397 τὴν
628 2312 723 2376 νύκτα
743 2309 890 2386 πολλάκις
905 2309 1070 2391 λουόμενον
1090 2309 1169 2393 πρὸς

148 2397 277 2480 ἁγνείαν.
309 2407 352 2462 Sic
375 2405 469 2462 Esseni
493 2407 564 2479 apud
587 2406 703 2462 eundern
726 2406 871 2479 losephum
896 2407 922 2470 2,
942 2408 957 2460 7
983 2420 1081 2475 corpus
1105 2410 1168 2457 ante

148 2489 238 2545 cibum
260 2490 406 2547 abluebant
427 2490 532 2564 lrigida.
563 2491 632 2560 Quid
656 2492 738 2564 igitur
755 2487 1073 2562 hemerobaptistae-illi,
1099 2504 1168 2559 quos

147 2574 313 2646 Epiphanius
337 2577 428 2640 refert,
453 2577 611 2641 meruerint,
636 2584 667 2632 ut
689 2576 843 2633 distinctam
866 2573 898 2631 ab
922 2574 979 2630 aliis
996 2573 1101 2628 Sectam
1127 2571 1170 2627 el-

148 2657 270 2724 licerent,
296 2677 351 2715 non
374 2661 438 2715 satis
462 2661 649 2716 discernimus.

107 2784 137 2836 36
232 2767 268 2831 οὐ
290 2768 352 2850 μὴν
374 2771 551 2851 ἕξισουμένη
567 2780 632 2844 τοῖς
647 2772 886 2849 Σαδδουκαίοις]
910 2776 960 2844 Qui
976 2775 1061 2847 prima
1077 2774 1169 2846 specie

147 2858 293 2916 verborum
314 2861 429 2917 istorum
452 2878 549 2917 sensus
573 2863 701 2926 occurrit,
725 2863 747 2918 is
771 2870 821 2926 est,
845 2878 925 2933 quem
949 2876 1003 2915 non
1019 2859 1100 2914 modo
1117 2875 1168 2915 nos

147 2946 207 3019 ipsi,
231 2945 279 3001 sed
302 2946 382 3001 etiam
399 2944 543 3001 Carnarius
567 2947 708 3018 expressit,
740 2944 988 3018 llemerobaptistas
1008 2961 1062 2998 non
1078 2943 1169 2999 solum

147 3031 175 3087 in
204 3030 326 3104 neganda
353 3038 523 3087 mortuorum
551 3033 766 3094 resurrectione,
795 3047 889 3086 verum
917 3029 944 3084 in
966 3028 1071 3101 reliqna
1095 3027 1170 3084 omni

147 3117 304 3190 dogmatum
332 3115 446 3170 falsitate
475 3116 642 3172 concordare
665 3132 726 3171 curn
749 3115 921 3171 Sadducaeis.
966 3103 1001 3168 od
1023 3103 1085 3187 μὴν
1106 3108 1168 3180 ἐξι-

148 3194 281 3275 σουμένη
303 3193 408 3273 μόνον,
430 3200 527 3274 inquit,
550 3203 615 3268 τοῖς
630 3194 856 3267 Σαδδουκαίοις
877 3195 908 3256 ἐν
923 3199 961 3276 τῇ
975 3199 1037 3254 τῶν
1053 3199 1169 3274 νεκρῶν

148 3277 324 3356 ἀναστάσει,
347 3275 426 3340 ἀλλὰ
448 3285 486 3362 τῇ
508 3277 634 3366 ἀπιστίᾳ
656 3281 707 3340 καὶ
729 3288 793 3352 τοῖς
807 3274 919 3352 ἄλλοις.
949 3284 1003 3340 Sed
1020 3285 1086 3338 haec
1101 3299 1168 3339 sen-

148 3372 233 3427 tentia
255 3371 288 3427 ab
311 3371 358 3435 iis,
381 3387 451 3444 quae
472 3371 554 3444 paulo
577 3379 639 3426 ante
660 3370 805 3444 leguntur,
828 3378 885 3426 tum
907 3371 934 3426 in
956 3368 1090 3430 Breviorio
1114 3368 1167 3424 Se·

148 3463 251 3511 ctarum
274 3456 354 3512 huius
375 3455 452 3522 libri,
477 3464 504 3512 et
525 3456 553 3511 in
575 3456 761 3512 universarum
782 3455 1011 3529 Arracephalaeosi
1032 3460 1167 3525 repetun-

146 3547 193 3595 tur
213 3539 247 3595 ab
262 3540 421 3614 Epiphanio,
445 3543 620 3598 vehementer
642 3540 764 3596 dissidet.
794 3540 860 3596 Nam
883 3540 983 3615 ubique
1007 3545 1166 3595 constanter

147 3624 286 3690 asseritur,
311 3624 558 3700 Hemerobaptistas
580 3643 595 3682 a
617 3626 721 3683 ludaeis
743 3625 854 3701 reliquis
876 3625 950 3682 nulla
973 3625 999 3679 in
1013 3631 1091 3697 parte
1107 3621 1167 3678 dis-
