2534 4154
467 333 758 388 nuiunoucustouce
799 330 804 335 ’
1020 296 1031 302 ’
1063 325 1131 389 dlii
1215 380 1221 394 ,

104 494 226 552 certatim
250 496 383 549 asciscere
404 493 456 548 sibi
478 510 509 549 ac
530 493 671 550 vendicare
694 487 856 558 studebant,
872 494 940 550 adeo
955 496 1071 568 quidem,
1096 505 1133 554 ut.

104 581 131 636 in
153 579 323 636 Antiocheno
338 577 447 651 Synodo
469 578 532 634 fidei
555 578 696 635 formulam
714 589 839 654 tanquam
855 579 889 634 ab
904 580 950 636 illo
966 590 1126 655 conceptam

105 665 248 722 ediderint
279 663 333 719 Sed
354 663 501 719 burianum
524 662 557 718 ab
579 681 611 720 ea
635 664 767 720 calumnia
789 672 887 738 purgat
910 665 1035 722 Darou.
1028 683 1055 721 m
1071 665 1133 722 lio--

108 751 140 807 tis
170 750 203 805 ad
231 749 404 844 llartyrolog.
434 757 462 804 et
489 749 515 804 in
545 748 639 804 dnnal.
664 749 766 805 Ecclcs
791 751 821 805 d.
841 753 897 828 3ll
918 760 944 805 et
962 753 1031 808 318
1078 751 1128 807 Ubi

106 835 254 891 lucianum
282 833 396 890 docet
389 851 415 888 m
445 834 607 890 contutanda
636 833 851 891 Sabellianorum
879 835 991 891 llaeresi
1019 835 1131 910 longius

105 935 284 993 progressum
306 919 468 974 contrariam
488 919 516 973 in
539 928 644 992 partem
666 918 747 992 paulo
770 920 957 976 venementius
971 920 1127 976 incubuisse

105 1013 141 1068 et,
165 1013 198 1060 ut
219 1020 397 1077 personarum
421 1004 564 1059 discrimen
588 1004 751 1068 adstrueret,
775 1004 933 1060 nonnulla
927 1006 1033 1070 recisse,
1057 1022 1131 1079 quse

105 1089 198 1146 Ariani
224 1089 398 1162 postmodum
427 1088 512 1144 exorti
541 1106 620 1143 sunm
643 1089 669 1143 in
695 1105 774 1143 usum
797 1089 1004 1146 transtulerunt.
1049 1091 1128 1160 Quod

106 1174 178 1230 mem
206 1174 343 1246 plerisque
373 1182 494 1229 veterum
516 1174 627 1228 Patrum
656 1190 716 1229 cum
740 1174 767 1228 in
789 1175 841 1229 hoc
864 1175 990 1247 negotio,
1020 1184 1078 1230 tum
1100 1175 1129 1232 in

107 1259 166 1314 aliis
189 1258 251 1314 fidei
267 1258 434 1314 Christianae
457 1258 590 1332 capitibus
612 1259 751 1314 usuvenit:
776 1267 807 1315 ιιι
829 1267 891 1314 ante
907 1275 1030 1314 errorum
1046 1270 1131 1333 atque

107 1343 273 1407 llaereseon,
296 1343 420 1421 quibus
414 1361 445 1398 ea
460 1343 614 1417 singillatim
631 1343 867 1437 oppugnabantur,
892 1344 1032 1416 originem,
1056 1361 1129 1400 non·

106 1429 172 1484 ilum
199 1430 264 1484 satis
294 1414 426 1484 illustrata
455 1446 485 1484 ac
514 1428 646 1501 patefacta
677 1429 715 1484 rei
743 1429 870 1491 veritate,
906 1429 1038 1503 quaedam
1072 1429 1131 1484 suis

107 1514 217 1586 scriptis
239 1514 419 1586 asperserint,
451 1531 520 1586 qliae
544 1531 605 1569 cum
629 1513 796 1569 orthodoxae
817 1513 880 1569 fidei
903 1514 996 1586 regula
1019 1514 1131 1568 minime

108 1598 291 1655 consentiant.
333 1599 371 1653 Ne
394 1598 427 1654 ab
451 1600 503 1654 boc
526 1599 663 1654 Trinitatis
686 1575 833 1671 llysterio
836 1616 867 1654 uc
889 1600 1049 1673 quiaestione
1072 1598 1130 1654 dis⁴

107 1683 211 1746 ιιιιιιιιι,
234 1683 433 1739 observavimus
456 1683 610 1738 iamdudum
633 1683 765 1738 lustinum
782 1683 924 1757 Martyrem
940 1684 1051 1768 dialogo
1067 1699 1130 1740 cum

108 1769 256 1842 Tryphone
282 1770 316 1824 de
344 1768 398 1824 filio
421 1768 468 1823 Dei
494 1768 564 1824 idem
588 1768 866 1840 propemodomcnm
889 1769 994 1824 Arianis
1017 1769 1129 1825 sentire.

106 1854 172 1910 Nam
196 1853 538 1927 pag.Edit.Paris.119.
577 1852 693 1908 Verbum
715 1853 771 1919 Dei,
795 1869 826 1909 ao
848 1853 953 1920 Dilium,
977 1854 1057 1910 etiam
1080 1870 1132 1909 an·

66 1940 68 1944 ’
108 1948 219 2014 tequam
242 1955 350 1994 carnem
373 1939 533 2011 susciperet.
558 1938 713 1994 inferiorem
737 1955 797 1994 esse
812 1939 892 1995 Patre
908 1940 1024 2003 ceirsuit,
1048 1955 1130 2014 quem

108 2034 136 2080 et
158 2023 295 2080 veteribus
317 2023 475 2124 apparuisse
497 2023 561 2079 dicit
584 2032 611 2079 et
633 2023 748 2079 subinde
767 2025 984 2081 commemoratis
1000 2024 1131 2098 exemplis

107 2109 144 2166 ila
167 2108 284 2212 colligit:
314 2091 400 2162 dt
376 2127 420 2163 ων
442 2101 691 2165 dnode'datxcou‘
675 2101 736 2164 υπὸ
760 2111 808 2208 τῷ
839 2106 933 2183 πατρὶ
961 2105 1011 2164 καὶ
1014 2104 1131 2192 κυρίῳ

107 2188 297 2269 τεταγμένος,
319 2189 369 2248 καὶ
390 2186 551 2272 ὑπηρετῶν
571 2195 610 2271 τῇ
631 2192 730 2271 βουλῇ
753 2186 857 2249 αὐτοῦ
898 2195 998 2250 Deinde
1021 2195 1131 2266 quoties

106 2279 297 2352 instriptura
320 2278 435 2351 legitur:
464 2277 596 2333 Ascendit
619 2278 693 2332 Deus
715 2277 913 2343 addiscam,
943 2279 982 2333 iel
1007 2278 1131 2332 Locutus
1205 2306 1206 2309 =

107 2372 149 2420 eat
169 2363 305 2418 Dominus
327 2365 367 2418 ud
386 2363 517 2433 Moysen,
541 2364 582 2419 vel
604 2363 754 2417 Descendit
774 2363 866 2427 Deus,
888 2371 919 2418 nt
940 2363 1047 2417 uideret
1060 2368 1131 2417 tur·

105 2451 170 2514 rinn
194 2449 235 2504 vel
259 2447 368 2504 Clausit
382 2449 517 2503 Dominus
540 2464 639 2502 orcam
660 2447 774 2518 deforis,
798 2464 829 2502 ao
851 2448 954 2520 reliqun
977 2447 1003 2502 id
1025 2462 1129 2520 genus;
1156 2491 1157 2495 ,

106 2544 190 2608 negat
219 2534 252 2591 de
276 2534 354 2589 Patre
382 2535 441 2606 ipso
464 2532 564 2588 debere
587 2532 686 2604 accipi,
716 2533 764 2603 qui·
785 2548 875 2604 neque
897 2541 1037 2588 moveatur
1057 2531 1129 2596 loco,

106 2637 198 2694 neque
226 2619 334 2674 locutus
357 2620 481 2691 cuiquam
504 2617 599 2682 luerit,
629 2616 678 2672 sed
699 2616 732 2671 ud
755 2617 850 2672 Filium
874 2618 1019 2690 pertinere.
1064 2616 1132 2672 Nam

107 2706 132 2761 si
152 2704 212 2760 cius
234 2704 328 2776 ipsius,
353 2721 432 2776 quem
457 2703 575 2765 miserat,
600 2701 657 2757 Filii
680 2701 852 2774 splendorem
871 2701 962 2760 ludaei
984 2703 1055 2759 lerre
1079 2703 1132 2757 mi-

106 2790 180 2845 nime
202 2797 360 2862 potueruut,
395 2788 532 2860 quomodo
555 2787 642 2842 Patris
665 2787 750 2860 ipsius
772 2789 939 2844 maiestatem
963 2787 1132 2862 gloriamque

106 2871 296 2932 sustinerent?
324 2873 440 2928 Proinde
463 2889 553 2947 neque
567 2871 691 2937 Abraam,
716 2889 806 2946 nequa
828 2875 911 2940 Isaac,
935 2871 1130 2969 neqnelacob,

105 2976 198 3034 neque
220 2957 374 3014 mortalium
397 2959 468 3013 ullus
491 2958 628 3013 Patrem
622 2974 710 3030 ipsum
734 2975 764 3013 ac
786 2975 877 3014 rerum
901 2960 1021 3014 omnium
1038 2956 1132 3012 Domi-

105 3060 173 3101 num
201 3044 279 3099 vidit:
309 3035 411 3098 u'ii’³
398 3046 509 3098 εκεΐνον
535 3033 588 3098 τὸν
616 3035 695 3098 κατὰ
722 3037 841 3118 βουλὴν
867 3039 927 3142 τὴνί
944 3038 1057 3099 ἐκείνου
1079 3033 1132 3094 καὶ·

104 3120 231 3185 &adr’
214 3147 289 3185 οντα
316 3121 384 3193 υιὸν
412 3119 522 3198 αὐτοῦ,
552 3122 601 3181 καὶ
631 3118 793 3223 s’iyyaltou
780 3147 813 3184 eu
835 3145 889 3184 του
910 3120 1071 3204 ὑπηρετεῖν
1091 3123 1130 3204 τῇ

104 3207 215 3291 γνώμῃ
239 3205 342 3269 αὐτοῦ.
387 3214 440 3269 Sed
470 3213 560 3276 illum,
591 3213 637 3284 qui
660 3212 799 3285 exipsius
822 3210 1054 3267 voluntateDeus
1077 3217 1129 3272 est,

106 3299 222 3371 eiusque
244 3298 315 3353 lilius
339 3307 366 3353 et
388 3298 516 3371 Angelus,
541 3298 614 3371 quod
637 3296 708 3352 illius
732 3297 862 3353 voluntati
885 3312 988 3351 morem
1010 3301 1096 3368 gerat.

113 3416 117 3423 ·
193 3383 270 3452 Quae
296 3384 391 3439 lustini
419 3382 500 3438 verba
530 3381 711 3438 Tertullianus
739 3382 859 3451 imitatus
888 3389 929 3436 est
958 3381 1012 3438 tt
1041 3385 1131 3434 contr.

105 3467 187 3525 llere.
212 3485 237 3524 o
255 3471 304 3527 27.
345 3469 439 3523 llirum
462 3467 649 3529 enutriamus,
673 3481 733 3519 cum
756 3466 985 3521 insaniamsuam
1009 3474 1131 3520 veterum

105 3552 218 3610 Petrum
248 3554 403 3610 testimonio
431 3551 611 3609 corroborare
640 3551 795 3622 cumprimis
823 3559 969 3624 cuperent,
999 3549 1131 3606 lustinum

105 3639 291 3714 praeteriisse.
331 3638 385 3694 Sed
408 3637 441 3693 ab
463 3637 546 3702 omni,
569 3636 611 3692 uti
632 3635 693 3700 disi,
718 3635 799 3708 culpa
819 3644 872 3692 tam
896 3635 951 3703 hic,
973 3651 1053 3708 quam
1075 3635 1134 3697 w
