<?xml version="1.0" encoding="UTF-8"?>
<!DOCTYPE html PUBLIC "-//W3C//DTD XHTML 1.0 Transitional//EN"
    "http://www.w3.org/TR/xhtml1/DTD/xhtml1-transitional.dtd">
<html xmlns="http://www.w3.org/1999/xhtml" xml:lang="en" lang="en">
 <head>
  <title>
</title>
<meta http-equiv="Content-Type" content="text/html;charset=utf-8" />
  <meta name='ocr-system' content='tesseract 3.04.00' />
  <meta name='ocr-capabilities' content='ocr_page ocr_carea ocr_par ocr_line ocrx_word'/>
</head>
<body>
  <div class='ocr_page' id='page_1' title='image "./epiphaniiepisco00epipgoog_0117.png"; bbox 0 0 2534 4154; ppageno 0'>
   <div class='ocr_carea' id='block_1_1' title="bbox 88 291 711 364">
    <p class='ocr_par' dir='ltr' id='par_1_1' title="bbox 88 291 711 364">
     <span class='ocr_line' id='line_1_1' title="bbox 88 291 711 364; baseline 0.003 -3"><span class='ocrx_word' id='word_1_1' title='bbox 88 291 97 306; x_wconf 63' lang='lat'>‘</span> <span class='ocrx_word' id='word_1_2' title='bbox 143 299 184 362; x_wconf 80' lang='grc'>26</span> <span class='ocrx_word' id='word_1_3' title='bbox 598 314 711 364; x_wconf 80' lang='lat' dir='ltr'>rurant</span> 
     </span>
    </p>
   </div>
   <div class='ocr_carea' id='block_1_2' title="bbox 142 460 1159 630">
    <p class='ocr_par' dir='ltr' id='par_1_2' title="bbox 142 460 1159 630">
     <span class='ocr_line' id='line_1_2' title="bbox 143 460 1159 546; baseline 0.003 -21"><span class='ocrx_word' id='word_1_4' title='bbox 143 465 182 539; x_wconf 79' lang='grc' dir='ltr'>ζει</span> <span class='ocrx_word' id='word_1_5' title='bbox 204 464 296 525; x_wconf 79' lang='grc' dir='ltr'>πάλιν</span> <span class='ocrx_word' id='word_1_6' title='bbox 314 462 501 543; x_wconf 75' lang='grc' dir='ltr'><em>ὑπερβολῆς,</em></span> <span class='ocrx_word' id='word_1_7' title='bbox 529 463 574 534; x_wconf 79' lang='grc' dir='ltr'>εἷς</span> <span class='ocrx_word' id='word_1_8' title='bbox 587 464 715 544; x_wconf 83' lang='grc' dir='ltr'><strong><em>χοίρους</em></strong></span> <span class='ocrx_word' id='word_1_9' title='bbox 741 464 791 525; x_wconf 80' lang='grc' dir='ltr'>καὶ</span> <span class='ocrx_word' id='word_1_10' title='bbox 814 460 902 538; x_wconf 77' lang='grc' dir='ltr'><strong><em>ὅνους</em></strong></span> <span class='ocrx_word' id='word_1_11' title='bbox 930 464 1075 546; x_wconf 74' lang='grc' dir='ltr'>εισάγιον,</span> <span class='ocrx_word' id='word_1_12' title='bbox 1110 469 1159 528; x_wconf 80' lang='grc' dir='ltr'>καὶ</span> 
     </span>
     <span class='ocr_line' id='line_1_3' title="bbox 142 545 669 630; baseline -0.004 -18"><span class='ocrx_word' id='word_1_13' title='bbox 142 548 181 612; x_wconf 76' lang='grc' dir='ltr'>τοὶ</span> <span class='ocrx_word' id='word_1_14' title='bbox 203 547 245 612; x_wconf 65' lang='grc' dir='ltr'>ἔτι</span> <span class='ocrx_word' id='word_1_15' title='bbox 268 572 386 611; x_wconf 81' lang='grc' dir='ltr'><strong><em>τουτων</em></strong></span> <span class='ocrx_word' id='word_1_16' title='bbox 407 545 470 626; x_wconf 73' lang='lat' dir='ltr'>dury</span> <span class='ocrx_word' id='word_1_17' title='bbox 458 546 575 630; x_wconf 80' lang='lat' dir='ltr'>yrdrtpot</span> <span class='ocrx_word' id='word_1_18' title='bbox 597 548 669 622; x_wconf 79' lang='grc' dir='ltr'><strong><em>ζῶα.</em></strong></span> 
     </span>
    </p>
   </div>
   <div class='ocr_carea' id='block_1_3' title="bbox 337 731 964 789">
    <p class='ocr_par' dir='ltr' id='par_1_3' title="bbox 337 731 964 789">
     <span class='ocr_line' id='line_1_4' title="bbox 337 731 964 789; baseline 0.005 -3"><span class='ocrx_word' id='word_1_19' title='bbox 337 733 380 786; x_wconf 79' lang='lat' dir='ltr'>hl)</span> <span class='ocrx_word' id='word_1_20' title='bbox 403 731 569 787; x_wconf 81' lang='lat' dir='ltr'>unuuustn</span> <span class='ocrx_word' id='word_1_21' title='bbox 593 732 635 786; x_wconf 94' lang='lat' dir='ltr'>Vll</span> <span class='ocrx_word' id='word_1_22' title='bbox 657 732 964 789; x_wconf 82' lang='lat' dir='ltr'>PY&#39;thGOREORUll.</span> 
     </span>
    </p>
   </div>
   <div class='ocr_carea' id='block_1_4' title="bbox 43 842 1163 1686">
    <p class='ocr_par' dir='ltr' id='par_1_4' title="bbox 143 842 1163 1436">
     <span class='ocr_line' id='line_1_5' title="bbox 233 842 1163 928; baseline 0.003 -21"><span class='ocrx_word' id='word_1_23' title='bbox 233 855 268 907; x_wconf 84' lang='grc'>14</span> <span class='ocrx_word' id='word_1_24' title='bbox 285 869 309 906; x_wconf 91' lang='lat' dir='ltr'>c.</span> <span class='ocrx_word' id='word_1_25' title='bbox 339 844 398 923; x_wconf 85' lang='grc' dir='ltr'>πρὸ</span> <span class='ocrx_word' id='word_1_26' title='bbox 422 844 456 906; x_wconf 75' lang='grc' dir='ltr'>δὲ</span> <span class='ocrx_word' id='word_1_27' title='bbox 476 842 588 907; x_wconf 80' lang='grc' dir='ltr'><strong><em>τούτου</em></strong></span> <span class='ocrx_word' id='word_1_28' title='bbox 611 843 820 928; x_wconf 74' lang='grc' dir='ltr'><strong><em>Πυθαγόρας]</em></strong></span> <span class='ocrx_word' id='word_1_29' title='bbox 844 853 941 908; x_wconf 90' lang='lat' dir='ltr'>Verum</span> <span class='ocrx_word' id='word_1_30' title='bbox 965 862 1007 909; x_wconf 88' lang='lat' dir='ltr'>est</span> <span class='ocrx_word' id='word_1_31' title='bbox 1021 855 1163 928; x_wconf 84' lang='lat' dir='ltr'>Pythago-</span> 
     </span>
     <span class='ocr_line' id='line_1_6' title="bbox 143 935 1161 1010; baseline 0.003 -19"><span class='ocrx_word' id='word_1_32' title='bbox 143 953 200 991; x_wconf 91' lang='lat' dir='ltr'>ram</span> <span class='ocrx_word' id='word_1_33' title='bbox 215 935 327 991; x_wconf 90' lang='lat' dir='ltr'>Platone</span> <span class='ocrx_word' id='word_1_34' title='bbox 350 935 518 1008; x_wconf 87' lang='lat' dir='ltr'>superiorem</span> <span class='ocrx_word' id='word_1_35' title='bbox 541 936 633 1001; x_wconf 89' lang='lat' dir='ltr'>luisse,</span> <span class='ocrx_word' id='word_1_36' title='bbox 658 936 690 991; x_wconf 93' lang='lat' dir='ltr'>de</span> <span class='ocrx_word' id='word_1_37' title='bbox 705 937 890 1010; x_wconf 72' lang='lat' dir='ltr'>Peripateticis</span> <span class='ocrx_word' id='word_1_38' title='bbox 906 938 1062 995; x_wconf 82' lang='lat' dir='ltr'>absurdum.</span> <span class='ocrx_word' id='word_1_39' title='bbox 1087 939 1161 1007; x_wconf 77' lang='lat' dir='ltr'>Quos</span> 
     </span>
     <span class='ocr_line' id='line_1_7' title="bbox 143 1021 1163 1097; baseline 0.005 -21"><span class='ocrx_word' id='word_1_40' title='bbox 143 1038 285 1095; x_wconf 81' lang='lat' dir='ltr'>perperam</span> <span class='ocrx_word' id='word_1_41' title='bbox 308 1038 372 1076; x_wconf 90' lang='lat' dir='ltr'>sane</span> <span class='ocrx_word' id='word_1_42' title='bbox 387 1038 456 1078; x_wconf 85' lang='lat' dir='ltr'>¹curn</span> <span class='ocrx_word' id='word_1_43' title='bbox 479 1021 656 1094; x_wconf 80' lang='lat' dir='ltr'>Pythagoreis</span> <span class='ocrx_word' id='word_1_44' title='bbox 678 1022 842 1078; x_wconf 81' lang='lat' dir='ltr'>commiscet.</span> <span class='ocrx_word' id='word_1_45' title='bbox 875 1022 998 1097; x_wconf 82' lang='lat' dir='ltr'>Quinque</span> <span class='ocrx_word' id='word_1_46' title='bbox 1022 1025 1092 1080; x_wconf 87' lang='lat' dir='ltr'>enim</span> <span class='ocrx_word' id='word_1_47' title='bbox 1117 1042 1163 1092; x_wconf 84' lang='lat' dir='ltr'>se-</span> 
     </span>
     <span class='ocr_line' id='line_1_8' title="bbox 145 1095 1160 1182; baseline 0.003 -20"><span class='ocrx_word' id='word_1_48' title='bbox 145 1115 201 1162; x_wconf 87' lang='lat' dir='ltr'>ctas</span> <span class='ocrx_word' id='word_1_49' title='bbox 230 1114 437 1171; x_wconf 73' lang='lat' dir='ltr'>commemorat,</span> <span class='ocrx_word' id='word_1_50' title='bbox 472 1105 640 1171; x_wconf 88' lang='lat' dir='ltr'>Stoicorum,</span> <span class='ocrx_word' id='word_1_51' title='bbox 669 1095 887 1170; x_wconf 82' lang='lat' dir='ltr'>Platonicorum,</span> <span class='ocrx_word' id='word_1_52' title='bbox 917 1109 1160 1182; x_wconf 82' lang='lat' dir='ltr'>Pythagoreorum,</span> 
     </span>
     <span class='ocr_line' id='line_1_9' title="bbox 146 1186 1161 1291; baseline 0.005 -46"><span class='ocrx_word' id='word_1_53' title='bbox 146 1192 200 1291; x_wconf 87' lang='lat' dir='ltr'>siye</span> <span class='ocrx_word' id='word_1_54' title='bbox 223 1191 478 1265; x_wconf 82' lang='lat' dir='ltr'>Peripateticorum,</span> <span class='ocrx_word' id='word_1_55' title='bbox 508 1199 535 1246; x_wconf 90' lang='lat' dir='ltr'>et</span> <span class='ocrx_word' id='word_1_56' title='bbox 557 1186 760 1264; x_wconf 87' lang='lat' dir='ltr'>Epicureorum.</span> <span class='ocrx_word' id='word_1_57' title='bbox 805 1193 844 1246; x_wconf 84' lang='lat' dir='ltr'>Ad</span> <span class='ocrx_word' id='word_1_58' title='bbox 874 1193 941 1248; x_wconf 87' lang='lat' dir='ltr'>haec</span> <span class='ocrx_word' id='word_1_59' title='bbox 967 1193 1161 1265; x_wconf 86' lang='lat' dir='ltr'>Peripateticos</span> 
     </span>
     <span class='ocr_line' id='line_1_10' title="bbox 143 1267 1162 1355; baseline 0.003 -23"><span class='ocrx_word' id='word_1_60' title='bbox 143 1267 199 1351; x_wconf 81' lang='grc' dir='ltr'>τὴν</span> <span class='ocrx_word' id='word_1_61' title='bbox 218 1269 458 1351; x_wconf 78' lang='grc' dir='ltr'>μετεμψύχιυσιν</span> <span class='ocrx_word' id='word_1_62' title='bbox 477 1293 665 1349; x_wconf 84' lang='lat' dir='ltr'>propugnasse</span> <span class='ocrx_word' id='word_1_63' title='bbox 687 1276 828 1331; x_wconf 89' lang='lat' dir='ltr'>ridiculum</span> <span class='ocrx_word' id='word_1_64' title='bbox 851 1287 901 1332; x_wconf 89' lang='lat' dir='ltr'>est.</span> <span class='ocrx_word' id='word_1_65' title='bbox 930 1278 964 1332; x_wconf 87' lang='lat' dir='ltr'>Et</span> <span class='ocrx_word' id='word_1_66' title='bbox 986 1278 1038 1333; x_wconf 85' lang='lat' dir='ltr'>hoc</span> <span class='ocrx_word' id='word_1_67' title='bbox 1059 1279 1162 1355; x_wconf 88' lang='lat' dir='ltr'>Pytha-</span> 
     </span>
     <span class='ocr_line' id='line_1_11' title="bbox 143 1359 965 1459; baseline 0.002 -43"><span class='ocrx_word' id='word_1_68' title='bbox 143 1378 225 1433; x_wconf 88' lang='lat' dir='ltr'>gorae</span> <span class='ocrx_word' id='word_1_69' title='bbox 248 1361 360 1459; x_wconf 88' lang='lat' dir='ltr'>figment</span> <span class='ocrx_word' id='word_1_70' title='bbox 361 1379 405 1416; x_wconf 93' lang='lat' dir='ltr'>um</span> <span class='ocrx_word' id='word_1_71' title='bbox 429 1360 515 1416; x_wconf 91' lang='lat' dir='ltr'>reiicit</span> <span class='ocrx_word' id='word_1_72' title='bbox 535 1359 695 1416; x_wconf 79' lang='lat' dir='ltr'>Aristoteles</span> <span class='ocrx_word' id='word_1_73' title='bbox 718 1361 751 1416; x_wconf 91' lang='lat' dir='ltr'>de</span> <span class='ocrx_word' id='word_1_74' title='bbox 772 1362 865 1417; x_wconf 82' lang='lat' dir='ltr'>Anima</span> <span class='ocrx_word' id='word_1_75' title='bbox 894 1365 917 1424; x_wconf 98' lang='grc'>1,</span> <span class='ocrx_word' id='word_1_76' title='bbox 938 1366 965 1418; x_wconf 92' lang='lat'><strong>3</strong></span> 
     </span>
    </p>

    <p class='ocr_par' dir='ltr' id='par_1_5' title="bbox 143 1439 1160 1606">
     <span class='ocr_line' id='line_1_12' title="bbox 228 1439 1160 1547; baseline 0.003 -46"><span class='ocrx_word' id='word_1_77' title='bbox 228 1463 317 1512; x_wconf 84' lang='grc' dir='ltr'><strong><em>ουτος</em></strong></span> <span class='ocrx_word' id='word_1_78' title='bbox 346 1440 380 1502; x_wconf 72' lang='grc' dir='ltr'>δὲ</span> <span class='ocrx_word' id='word_1_79' title='bbox 408 1439 554 1517; x_wconf 76' lang='grc' dir='ltr'>τέλειος</span> <span class='ocrx_word' id='word_1_80' title='bbox 540 1462 572 1500; x_wconf 75' lang='grc' dir='ltr'>ιν</span> <span class='ocrx_word' id='word_1_81' title='bbox 595 1447 633 1522; x_wconf 76' lang='grc' dir='ltr'>τῇ</span> <span class='ocrx_word' id='word_1_82' title='bbox 656 1441 783 1525; x_wconf 71' lang='grc' dir='ltr'><strong><em>Μηδία]</em></strong></span> <span class='ocrx_word' id='word_1_83' title='bbox 821 1447 849 1501; x_wconf 93' lang='lat' dir='ltr'>ln</span> <span class='ocrx_word' id='word_1_84' title='bbox 873 1445 957 1503; x_wconf 86' lang='lat' dir='ltr'>Media</span> <span class='ocrx_word' id='word_1_85' title='bbox 980 1447 1160 1547; x_wconf 78' lang='lat' dir='ltr'>Pythagoram</span> 
     </span>
     <span class='ocr_line' id='line_1_13' title="bbox 143 1505 1160 1623; baseline 0.003 -37"><span class='ocrx_word' id='word_1_86' title='bbox 143 1530 243 1587; x_wconf 89' lang='lat' dir='ltr'>ohiisso</span> <span class='ocrx_word' id='word_1_87' title='bbox 271 1531 371 1587; x_wconf 92' lang='lat' dir='ltr'>nemini</span> <span class='ocrx_word' id='word_1_88' title='bbox 400 1546 517 1623; x_wconf 78' lang='lat' dir='ltr'>unquam</span> <span class='ocrx_word' id='word_1_89' title='bbox 547 1531 677 1584; x_wconf 85' lang='lat' dir='ltr'>auditum.</span> <span class='ocrx_word' id='word_1_90' title='bbox 724 1505 938 1586; x_wconf 78' lang='lat' dir='ltr'>Sdrihendum</span> <span class='ocrx_word' id='word_1_91' title='bbox 925 1551 956 1587; x_wconf 75' lang='grc' dir='ltr'>ιν</span> <span class='ocrx_word' id='word_1_92' title='bbox 979 1535 1016 1609; x_wconf 80' lang='grc' dir='ltr'>τῇ</span> <span class='ocrx_word' id='word_1_93' title='bbox 1037 1523 1160 1590; x_wconf 73' lang='lat' dir='ltr'>’Italion</span> 
     </span>
    </p>

    <p class='ocr_par' dir='ltr' id='par_1_6' title="bbox 43 1614 992 1686">
     <span class='ocr_line' id='line_1_14' title="bbox 43 1614 992 1686; baseline 0.001 -16"><span class='ocrx_word' id='word_1_94' title='bbox 43 1641 45 1645; x_wconf 95' lang='lat'>·</span> <span class='ocrx_word' id='word_1_95' title='bbox 141 1615 264 1673; x_wconf 87' lang='lat' dir='ltr'>Mortuus</span> <span class='ocrx_word' id='word_1_96' title='bbox 288 1617 358 1672; x_wconf 91' lang='lat' dir='ltr'>enim</span> <span class='ocrx_word' id='word_1_97' title='bbox 382 1615 471 1670; x_wconf 90' lang='lat' dir='ltr'>estin</span> <span class='ocrx_word' id='word_1_98' title='bbox 495 1614 587 1686; x_wconf 87' lang='lat' dir='ltr'>Magna</span> <span class='ocrx_word' id='word_1_99' title='bbox 612 1615 730 1670; x_wconf 86' lang='lat' dir='ltr'>Graecia.</span> <span class='ocrx_word' id='word_1_100' title='bbox 761 1615 825 1671; x_wconf 90' lang='lat' dir='ltr'>Vide</span> <span class='ocrx_word' id='word_1_101' title='bbox 848 1617 992 1672; x_wconf 87' lang='lat' dir='ltr'>Laertium.</span> 
     </span>
    </p>
   </div>
   <div class='ocr_carea' id='block_1_5' title="bbox 360 1791 941 1850">
    <p class='ocr_par' dir='ltr' id='par_1_7' title="bbox 360 1791 941 1850">
     <span class='ocr_line' id='line_1_15' title="bbox 360 1791 941 1850; baseline 0.003 -3"><span class='ocrx_word' id='word_1_102' title='bbox 360 1793 404 1847; x_wconf 78' lang='lat' dir='ltr'>hl)</span> <span class='ocrx_word' id='word_1_103' title='bbox 427 1791 594 1847; x_wconf 82' lang='lat' dir='ltr'>thlRESlN</span> <span class='ocrx_word' id='word_1_104' title='bbox 617 1792 671 1847; x_wconf 88' lang='lat' dir='ltr'>Vlll</span> <span class='ocrx_word' id='word_1_105' title='bbox 694 1791 941 1850; x_wconf 82' lang='lat' dir='ltr'>EPlCUREOllUll.</span> 
     </span>
    </p>
   </div>
   <div class='ocr_carea' id='block_1_6' title="bbox 44 1899 1163 2815">
    <p class='ocr_par' dir='ltr' id='par_1_8' title="bbox 143 1899 1157 2070">
     <span class='ocr_line' id='line_1_16' title="bbox 231 1899 1157 1986; baseline 0.004 -20"><span class='ocrx_word' id='word_1_106' title='bbox 231 1913 307 1966; x_wconf 88' lang='lat' dir='ltr'>l5a.</span> <span class='ocrx_word' id='word_1_107' title='bbox 338 1899 412 1964; x_wconf 70' lang='lat' dir='ltr'>eluar</span> <span class='ocrx_word' id='word_1_108' title='bbox 436 1903 469 1964; x_wconf 77' lang='grc' dir='ltr'>δὲ</span> <span class='ocrx_word' id='word_1_109' title='bbox 491 1905 522 1976; x_wconf 69' lang='grc' dir='ltr'>ἐξ</span> <span class='ocrx_word' id='word_1_110' title='bbox 543 1902 696 1986; x_wconf 77' lang='grc' dir='ltr'>ὑπαρχῆς]</span> <span class='ocrx_word' id='word_1_111' title='bbox 722 1911 777 1967; x_wconf 91' lang='lat' dir='ltr'>Vid.</span> <span class='ocrx_word' id='word_1_112' title='bbox 802 1913 949 1969; x_wconf 85' lang='lat' dir='ltr'>Diodorum</span> <span class='ocrx_word' id='word_1_113' title='bbox 973 1914 1092 1969; x_wconf 87' lang='lat' dir='ltr'>Siculum</span> <span class='ocrx_word' id='word_1_114' title='bbox 1115 1916 1157 1972; x_wconf 95' lang='lat' dir='ltr'>ll</span> 
     </span>
     <span class='ocr_line' id='line_1_17' title="bbox 143 1990 760 2095; baseline 0.003 -45"><span class='ocrx_word' id='word_1_115' title='bbox 143 2005 169 2050; x_wconf 88' lang='lat' dir='ltr'>et</span> <span class='ocrx_word' id='word_1_116' title='bbox 191 1994 290 2050; x_wconf 83' lang='lat' dir='ltr'>Euseh</span> <span class='ocrx_word' id='word_1_117' title='bbox 314 1990 521 2095; x_wconf 83' lang='grc' dir='ltr'><strong><em>Προπαραοκ.</em></strong></span> <span class='ocrx_word' id='word_1_118' title='bbox 544 1995 561 2050; x_wconf 93' lang='lat' dir='ltr'>l.</span> <span class='ocrx_word' id='word_1_119' title='bbox 578 1999 602 2051; x_wconf 92' lang='lat' dir='ltr'>l.</span> <span class='ocrx_word' id='word_1_120' title='bbox 756 2012 760 2021; x_wconf 91' lang='grc'><em>·</em></span> 
     </span>
    </p>

    <p class='ocr_par' dir='ltr' id='par_1_9' title="bbox 231 2071 1161 2178">
     <span class='ocr_line' id='line_1_18' title="bbox 231 2071 1161 2178; baseline 0.008 -44"><span class='ocrx_word' id='word_1_121' title='bbox 231 2083 266 2137; x_wconf 88' lang='grc'>16</span> <span class='ocrx_word' id='word_1_122' title='bbox 282 2072 398 2145; x_wconf 57' lang='grc'>1111</span> <span class='ocrx_word' id='word_1_123' title='bbox 413 2081 467 2134; x_wconf 82' lang='grc' dir='ltr'>τοῦ</span> <span class='ocrx_word' id='word_1_124' title='bbox 480 2071 613 2178; x_wconf 77' lang='grc' dir='ltr'><strong><em>Σερουχ</em></strong></span> <span class='ocrx_word' id='word_1_125' title='bbox 614 2097 663 2133; x_wconf 89' lang='grc' dir='ltr'>και</span> <span class='ocrx_word' id='word_1_126' title='bbox 656 2071 759 2156; x_wconf 55' lang='grc' dir='ltr'>Ἀράμ</span> <span class='ocrx_word' id='word_1_127' title='bbox 763 2081 786 2154; x_wconf 77' lang='grc' dir='ltr'>ι]</span> <span class='ocrx_word' id='word_1_128' title='bbox 820 2081 873 2137; x_wconf 84' lang='grc' dir='ltr'>Ριο</span> <span class='ocrx_word' id='word_1_129' title='bbox 882 2074 982 2158; x_wconf 79' lang='lat' dir='ltr'>Aput</span> <span class='ocrx_word' id='word_1_130' title='bbox 998 2101 1053 2139; x_wconf 87' lang='lat' dir='ltr'>cor.</span> <span class='ocrx_word' id='word_1_131' title='bbox 1067 2079 1161 2159; x_wconf 76' lang='grc' dir='ltr'>Θαρέ</span> 
     </span>
    </p>

    <p class='ocr_par' dir='ltr' id='par_1_10' title="bbox 141 2155 1163 2584">
     <span class='ocr_line' id='line_1_19' title="bbox 230 2155 1161 2241; baseline 0.004 -20"><span class='ocrx_word' id='word_1_132' title='bbox 230 2167 305 2222; x_wconf 74' lang='grc'>161</span> <span class='ocrx_word' id='word_1_133' title='bbox 338 2159 480 2220; x_wconf 66' lang='grc' dir='ltr'>ἐντεῦθεν</span> <span class='ocrx_word' id='word_1_134' title='bbox 509 2155 542 2220; x_wconf 79' lang='grc' dir='ltr'>τὸ</span> <span class='ocrx_word' id='word_1_135' title='bbox 570 2164 632 2218; x_wconf 79' lang='grc' dir='ltr'>πᾶν</span> <span class='ocrx_word' id='word_1_136' title='bbox 658 2158 743 2240; x_wconf 76' lang='grc' dir='ltr'><strong><em>γένος</em></strong></span> <span class='ocrx_word' id='word_1_137' title='bbox 771 2166 826 2222; x_wconf 78' lang='grc' dir='ltr'>τοῦ</span> <span class='ocrx_word' id='word_1_138' title='bbox 853 2159 986 2241; x_wconf 75' lang='grc' dir='ltr'>’Ῑσραή11</span> <span class='ocrx_word' id='word_1_139' title='bbox 1025 2169 1083 2224; x_wconf 88' lang='grc' dir='ltr'>Νοο</span> <span class='ocrx_word' id='word_1_140' title='bbox 1107 2178 1161 2225; x_wconf 79' lang='lat' dir='ltr'>tana</span> 
     </span>
     <span class='ocr_line' id='line_1_20' title="bbox 143 2249 1160 2326; baseline 0.007 -23"><span class='ocrx_word' id='word_1_141' title='bbox 143 2260 220 2306; x_wconf 92' lang='lat' dir='ltr'>vetus</span> <span class='ocrx_word' id='word_1_142' title='bbox 244 2260 286 2307; x_wconf 94' lang='lat' dir='ltr'>est</span> <span class='ocrx_word' id='word_1_143' title='bbox 308 2249 467 2305; x_wconf 89' lang='lat' dir='ltr'>ludaeorum</span> <span class='ocrx_word' id='word_1_144' title='bbox 485 2249 629 2322; x_wconf 85' lang='lat' dir='ltr'>appellatio</span> <span class='ocrx_word' id='word_1_145' title='bbox 645 2266 694 2321; x_wconf 89' lang='lat' dir='ltr'>pro</span> <span class='ocrx_word' id='word_1_146' title='bbox 711 2251 837 2306; x_wconf 90' lang='lat' dir='ltr'>universo</span> <span class='ocrx_word' id='word_1_147' title='bbox 854 2252 1034 2308; x_wconf 90' lang='lat' dir='ltr'>lsraelitarum</span> <span class='ocrx_word' id='word_1_148' title='bbox 1049 2270 1160 2326; x_wconf 88' lang='lat' dir='ltr'>genere,</span> 
     </span>
     <span class='ocr_line' id='line_1_21' title="bbox 141 2330 1161 2437; baseline 0.004 -47"><span class='ocrx_word' id='word_1_149' title='bbox 141 2344 173 2391; x_wconf 89' lang='lat' dir='ltr'>ut</span> <span class='ocrx_word' id='word_1_150' title='bbox 188 2335 317 2392; x_wconf 83' lang='lat' dir='ltr'>davidicis</span> <span class='ocrx_word' id='word_1_151' title='bbox 340 2334 508 2407; x_wconf 86' lang='lat' dir='ltr'>temporibus</span> <span class='ocrx_word' id='word_1_152' title='bbox 532 2351 664 2407; x_wconf 86' lang='lat' dir='ltr'>usurpare</span> <span class='ocrx_word' id='word_1_153' title='bbox 680 2336 810 2437; x_wconf 87' lang='lat' dir='ltr'>coeperit.</span> <span class='ocrx_word' id='word_1_154' title='bbox 841 2337 909 2393; x_wconf 78' lang='lat' dir='ltr'>Audi</span> <span class='ocrx_word' id='word_1_155' title='bbox 925 2337 1070 2411; x_wconf 89' lang='lat' dir='ltr'>losephurn</span> <span class='ocrx_word' id='word_1_156' title='bbox 1081 2330 1161 2418; x_wconf 67' lang='grc' dir='ltr'>Ἆρχ.</span> 
     </span>
     <span class='ocr_line' id='line_1_22' title="bbox 147 2403 1162 2523; baseline 0.002 -46"><span class='ocrx_word' id='word_1_157' title='bbox 147 2425 193 2486; x_wconf 89' lang='grc'>11,</span> <span class='ocrx_word' id='word_1_158' title='bbox 213 2425 239 2478; x_wconf 84' lang='grc'>5.</span> <span class='ocrx_word' id='word_1_159' title='bbox 270 2412 446 2523; x_wconf 67' lang='grc' dir='ltr'><strong><em>ἓκλήθηραρ</em></strong></span> <span class='ocrx_word' id='word_1_160' title='bbox 469 2413 502 2474; x_wconf 64' lang='lat' dir='ltr'>da*</span> <span class='ocrx_word' id='word_1_161' title='bbox 524 2413 558 2475; x_wconf 78' lang='lat' dir='ltr'>ad</span> <span class='ocrx_word' id='word_1_162' title='bbox 582 2409 681 2492; x_wconf 78' lang='grc' dir='ltr'><strong><em>ὄνομα</em></strong></span> <span class='ocrx_word' id='word_1_163' title='bbox 703 2416 735 2487; x_wconf 76' lang='grc' dir='ltr'>ἐξ</span> <span class='ocrx_word' id='word_1_164' title='bbox 756 2403 847 2495; x_wconf 60' lang='lat' dir='ltr'>day</span> <span class='ocrx_word' id='word_1_165' title='bbox 807 2413 932 2520; x_wconf 75' lang='grc' dir='ltr'><strong><em>ἡμέρας</em></strong></span> <span class='ocrx_word' id='word_1_166' title='bbox 953 2415 1162 2496; x_wconf 72' lang='grc' dir='ltr'><strong><em>ανίβησανέκ</em></strong></span> 
     </span>
     <span class='ocr_line' id='line_1_23' title="bbox 143 2487 1163 2609; baseline 0.006 -50"><span class='ocrx_word' id='word_1_167' title='bbox 143 2497 397 2609; x_wconf 63' lang='grc' dir='ltr'>Βαβυλρόνος,’</span> <span class='ocrx_word' id='word_1_168' title='bbox 378 2499 439 2562; x_wconf 81' lang='grc' dir='ltr'>απὸ</span> <span class='ocrx_word' id='word_1_169' title='bbox 462 2505 516 2578; x_wconf 80' lang='grc' dir='ltr'>τῆς</span> <span class='ocrx_word' id='word_1_170' title='bbox 535 2495 636 2560; x_wconf 82' lang='lat' dir='ltr'>’lodda</span> <span class='ocrx_word' id='word_1_171' title='bbox 659 2487 823 2609; x_wconf 54' lang='lat' dir='ltr'>godric,</span> <span class='ocrx_word' id='word_1_172' title='bbox 801 2523 839 2581; x_wconf 86' lang='grc' dir='ltr'>ης</span> <span class='ocrx_word' id='word_1_173' title='bbox 862 2525 994 2582; x_wconf 82' lang='grc' dir='ltr'>πρωιης</span> <span class='ocrx_word' id='word_1_174' title='bbox 1007 2503 1163 2584; x_wconf 78' lang='grc' dir='ltr'>ιλθούσης</span> 
     </span>
    </p>

    <p class='ocr_par' dir='ltr' id='par_1_11' title="bbox 44 2580 1162 2669">
     <span class='ocr_line' id='line_1_24' title="bbox 44 2580 1162 2669; baseline 0.006 -27"><span class='ocrx_word' id='word_1_175' title='bbox 44 2645 46 2649; x_wconf 64' lang='grc'>,</span> <span class='ocrx_word' id='word_1_176' title='bbox 143 2585 219 2655; x_wconf 79' lang='grc' dir='ltr'>εἰς</span> <span class='ocrx_word' id='word_1_177' title='bbox 206 2586 337 2658; x_wconf 75' lang='grc' dir='ltr'>εκεινους</span> <span class='ocrx_word' id='word_1_178' title='bbox 358 2582 429 2656; x_wconf 75' lang='grc' dir='ltr'><strong><em>τοὺς</em></strong></span> <span class='ocrx_word' id='word_1_179' title='bbox 451 2580 564 2656; x_wconf 82' lang='grc' dir='ltr'><strong><em>τόπους</em></strong></span> <span class='ocrx_word' id='word_1_180' title='bbox 587 2583 677 2646; x_wconf 76' lang='grc' dir='ltr'><strong><em>αὐτοί</em></strong></span> <span class='ocrx_word' id='word_1_181' title='bbox 697 2608 728 2646; x_wconf 76' lang='grc' dir='ltr'>τε</span> <span class='ocrx_word' id='word_1_182' title='bbox 751 2586 842 2666; x_wconf 67' lang='lat' dir='ltr'>tuly</span> <span class='ocrx_word' id='word_1_183' title='bbox 823 2583 951 2669; x_wconf 80' lang='grc' dir='ltr'><strong><em>ηχιόρα</em></strong></span> <span class='ocrx_word' id='word_1_184' title='bbox 972 2611 1027 2666; x_wconf 81' lang='grc' dir='ltr'>της</span> <span class='ocrx_word' id='word_1_185' title='bbox 1042 2611 1162 2668; x_wconf 85' lang='grc' dir='ltr'><strong><em>προση</em></strong></span> 
     </span>
    </p>

    <p class='ocr_par' dir='ltr' id='par_1_12' title="bbox 140 2668 1163 2815">
     <span class='ocr_line' id='line_1_25' title="bbox 140 2668 1163 2751; baseline 0.009 -24"><span class='ocrx_word' id='word_1_186' title='bbox 140 2668 247 2749; x_wconf 76' lang='grc' dir='ltr'><strong><em>γορίας</em></strong></span> <span class='ocrx_word' id='word_1_187' title='bbox 268 2668 414 2749; x_wconf 70' lang='grc' dir='ltr'><strong><em>ταύτηςρ</em></strong></span> <span class='ocrx_word' id='word_1_188' title='bbox 402 2669 579 2747; x_wconf 73' lang='grc' dir='ltr'><strong><em>μετέλαβον.</em></strong></span> <span class='ocrx_word' id='word_1_189' title='bbox 616 2676 704 2743; x_wconf 80' lang='lat' dir='ltr'>Quare</span> <span class='ocrx_word' id='word_1_190' title='bbox 727 2685 789 2748; x_wconf 92' lang='lat' dir='ltr'>post</span> <span class='ocrx_word' id='word_1_191' title='bbox 811 2676 998 2750; x_wconf 90' lang='lat' dir='ltr'>Babylonieam</span> <span class='ocrx_word' id='word_1_192' title='bbox 1021 2680 1163 2751; x_wconf 79' lang='lat' dir='ltr'>captivita-</span> 
     </span>
     <span class='ocr_line' id='line_1_26' title="bbox 142 2756 710 2815; baseline 0.002 -2"><span class='ocrx_word' id='word_1_193' title='bbox 142 2765 196 2813; x_wconf 88' lang='lat' dir='ltr'>tem</span> <span class='ocrx_word' id='word_1_194' title='bbox 219 2756 379 2813; x_wconf 91' lang='lat' dir='ltr'>ludaeorum</span> <span class='ocrx_word' id='word_1_195' title='bbox 402 2758 559 2813; x_wconf 85' lang='lat' dir='ltr'>vocabulum</span> <span class='ocrx_word' id='word_1_196' title='bbox 584 2760 710 2815; x_wconf 86' lang='lat' dir='ltr'>obtinuit.</span> 
     </span>
    </p>
   </div>
   <div class='ocr_carea' id='block_1_7' title="bbox 103 2832 1163 3681">
    <p class='ocr_par' dir='ltr' id='par_1_13' title="bbox 142 2832 1163 2999">
     <span class='ocr_line' id='line_1_27' title="bbox 232 2832 1162 2921; baseline 0.008 -23"><span class='ocrx_word' id='word_1_197' title='bbox 232 2845 266 2898; x_wconf 86' lang='grc'>17</span> <span class='ocrx_word' id='word_1_198' title='bbox 284 2859 307 2897; x_wconf 88' lang='lat' dir='ltr'>c.</span> <span class='ocrx_word' id='word_1_199' title='bbox 339 2860 387 2897; x_wconf 86' lang='grc' dir='ltr'>και</span> <span class='ocrx_word' id='word_1_200' title='bbox 381 2837 584 2921; x_wconf 77' lang='grc' dir='ltr'>Φιλισιιαιρ</span> <span class='ocrx_word' id='word_1_201' title='bbox 607 2832 688 2899; x_wconf 76' lang='grc' dir='ltr'>οὕτω</span> <span class='ocrx_word' id='word_1_202' title='bbox 711 2838 861 2919; x_wconf 78' lang='grc' dir='ltr'>κληθείσῃ</span> <span class='ocrx_word' id='word_1_203' title='bbox 884 2836 966 2917; x_wconf 83' lang='grc' dir='ltr'><strong>τότε]</strong></span> <span class='ocrx_word' id='word_1_204' title='bbox 991 2846 1072 2913; x_wconf 83' lang='lat' dir='ltr'>Quasi</span> <span class='ocrx_word' id='word_1_205' title='bbox 1093 2849 1162 2906; x_wconf 80' lang='lat' dir='ltr'>duae</span> 
     </span>
     <span class='ocr_line' id='line_1_28' title="bbox 142 2925 1163 2999; baseline 0.007 -17"><span class='ocrx_word' id='word_1_206' title='bbox 142 2943 173 2982; x_wconf 86' lang='lat' dir='ltr'>ac</span> <span class='ocrx_word' id='word_1_207' title='bbox 195 2927 378 2999; x_wconf 86' lang='lat' dir='ltr'>discrepantes</span> <span class='ocrx_word' id='word_1_208' title='bbox 401 2925 595 2998; x_wconf 86' lang='lat' dir='ltr'>appellationes</span> <span class='ocrx_word' id='word_1_209' title='bbox 618 2929 684 2983; x_wconf 91' lang='lat' dir='ltr'>istae</span> <span class='ocrx_word' id='word_1_210' title='bbox 707 2927 769 2982; x_wconf 88' lang='lat' dir='ltr'>sint.</span> <span class='ocrx_word' id='word_1_211' title='bbox 807 2927 948 2983; x_wconf 87' lang='lat' dir='ltr'>Enimvero</span> <span class='ocrx_word' id='word_1_212' title='bbox 975 2946 1028 2984; x_wconf 90' lang='lat' dir='ltr'>una</span> <span class='ocrx_word' id='word_1_213' title='bbox 1051 2932 1163 2989; x_wconf 84' lang='lat' dir='ltr'>eadem·</span> 
     </span>
    </p>

    <p class='ocr_par' dir='ltr' id='par_1_14' title="bbox 113 3005 1162 3255">
     <span class='ocr_line' id='line_1_29' title="bbox 113 3005 1162 3088; baseline 0.008 -22"><span class='ocrx_word' id='word_1_214' title='bbox 113 3084 115 3088; x_wconf 9' lang='grc' dir='ltr'><strong>λ</strong></span> <span class='ocrx_word' id='word_1_215' title='bbox 143 3029 195 3085; x_wconf 92' lang='lat' dir='ltr'>que</span> <span class='ocrx_word' id='word_1_216' title='bbox 224 3029 274 3066; x_wconf 83' lang='lat' dir='ltr'>von</span> <span class='ocrx_word' id='word_1_217' title='bbox 303 3020 358 3076; x_wconf 89' lang='lat' dir='ltr'>est,</span> <span class='ocrx_word' id='word_1_218' title='bbox 390 3007 514 3070; x_wconf 64' lang='lat' dir='ltr'>canuto</span> <span class='ocrx_word' id='word_1_219' title='bbox 545 3011 598 3066; x_wconf 86' lang='lat' dir='ltr'>Sed</span> <span class='ocrx_word' id='word_1_220' title='bbox 627 3005 660 3067; x_wconf 76' lang='grc' dir='ltr'>τὸ</span> <span class='ocrx_word' id='word_1_221' title='bbox 691 3026 709 3070; x_wconf 68' lang='grc' dir='ltr'><strong><em>υ</em></strong></span> <span class='ocrx_word' id='word_1_222' title='bbox 733 3010 812 3076; x_wconf 88' lang='lat' dir='ltr'>olim,</span> <span class='ocrx_word' id='word_1_223' title='bbox 842 3020 873 3067; x_wconf 92' lang='lat' dir='ltr'>ut</span> <span class='ocrx_word' id='word_1_224' title='bbox 895 3013 967 3084; x_wconf 91' lang='lat' dir='ltr'>apud</span> <span class='ocrx_word' id='word_1_225' title='bbox 988 3014 1100 3080; x_wconf 79' lang='lat' dir='ltr'>Arabes,</span> <span class='ocrx_word' id='word_1_226' title='bbox 1125 3019 1162 3074; x_wconf 82' lang='lat' dir='ltr'>ita</span> 
     </span>
     <span class='ocr_line' id='line_1_30' title="bbox 142 3096 1161 3170; baseline 0.006 -18"><span class='ocrx_word' id='word_1_227' title='bbox 142 3097 213 3170; x_wconf 90' lang='lat' dir='ltr'>apud</span> <span class='ocrx_word' id='word_1_228' title='bbox 235 3096 374 3152; x_wconf 90' lang='lat' dir='ltr'>Hebreeos</span> <span class='ocrx_word' id='word_1_229' title='bbox 397 3105 528 3168; x_wconf 89' lang='lat' dir='ltr'>perpetuo</span> <span class='ocrx_word' id='word_1_230' title='bbox 552 3113 613 3152; x_wconf 85' lang='lat' dir='ltr'>eum</span> <span class='ocrx_word' id='word_1_231' title='bbox 630 3096 722 3169; x_wconf 88' lang='lat' dir='ltr'>Raphe</span> <span class='ocrx_word' id='word_1_232' title='bbox 745 3097 958 3170; x_wconf 87' lang='lat' dir='ltr'>pronuntiatum.</span> <span class='ocrx_word' id='word_1_233' title='bbox 991 3100 1085 3156; x_wconf 85' lang='lat' dir='ltr'>Graeci</span> <span class='ocrx_word' id='word_1_234' title='bbox 1109 3097 1161 3158; x_wconf 74' lang='grc' dir='ltr'>διὰ</span> 
     </span>
     <span class='ocr_line' id='line_1_31' title="bbox 142 3177 479 3255; baseline -0.012 -16"><span class='ocrx_word' id='word_1_235' title='bbox 142 3185 198 3239; x_wconf 83' lang='grc' dir='ltr'>τοῦ</span> <span class='ocrx_word' id='word_1_236' title='bbox 220 3177 258 3237; x_wconf 90' lang='grc' dir='ltr'><em>Π</em></span> <span class='ocrx_word' id='word_1_237' title='bbox 278 3189 479 3255; x_wconf 86' lang='lat' dir='ltr'>expresserunt.</span> 
     </span>
    </p>

    <p class='ocr_par' dir='ltr' id='par_1_15' title="bbox 103 3259 1161 3681">
     <span class='ocr_line' id='line_1_32' title="bbox 103 3259 1161 3341; baseline 0.002 -17"><span class='ocrx_word' id='word_1_238' title='bbox 103 3275 132 3324; x_wconf 85' lang='grc'>18</span> <span class='ocrx_word' id='word_1_239' title='bbox 232 3269 268 3326; x_wconf 85' lang='grc'>18</span> <span class='ocrx_word' id='word_1_240' title='bbox 284 3285 308 3322; x_wconf 90' lang='lat' dir='ltr'>a.</span> <span class='ocrx_word' id='word_1_241' title='bbox 340 3261 389 3322; x_wconf 77' lang='lat' dir='ltr'>aul</span> <span class='ocrx_word' id='word_1_242' title='bbox 408 3260 531 3338; x_wconf 79' lang='grc' dir='ltr'>χυδαΐοι</span> <span class='ocrx_word' id='word_1_243' title='bbox 553 3259 702 3341; x_wconf 72' lang='grc' dir='ltr'><strong><em>ἐγίνοντο]</em></strong></span> <span class='ocrx_word' id='word_1_244' title='bbox 725 3261 864 3321; x_wconf 84' lang='grc' dir='ltr'><strong><em>Χυὸαῖοι·</em></strong></span> <span class='ocrx_word' id='word_1_245' title='bbox 884 3268 937 3324; x_wconf 88' lang='lat' dir='ltr'>hoc</span> <span class='ocrx_word' id='word_1_246' title='bbox 954 3267 1015 3324; x_wconf 91' lang='lat' dir='ltr'>loco</span> <span class='ocrx_word' id='word_1_247' title='bbox 1031 3269 1101 3325; x_wconf 88' lang='lat' dir='ltr'>idern</span> <span class='ocrx_word' id='word_1_248' title='bbox 1118 3280 1161 3327; x_wconf 90' lang='lat' dir='ltr'>est</span> 
     </span>
     <span class='ocr_line' id='line_1_33' title="bbox 141 3352 1160 3428; baseline 0.004 -19"><span class='ocrx_word' id='word_1_249' title='bbox 141 3363 222 3428; x_wconf 87' lang='lat' dir='ltr'>atque</span> <span class='ocrx_word' id='word_1_250' title='bbox 251 3355 441 3415; x_wconf 80' lang='lat' dir='ltr'>abundantes,</span> <span class='ocrx_word' id='word_1_251' title='bbox 471 3353 578 3423; x_wconf 82' lang='lat' dir='ltr'>copiosi</span> <span class='ocrx_word' id='word_1_252' title='bbox 604 3352 728 3425; x_wconf 74' lang='lat' dir='ltr'>suerunt.</span> <span class='ocrx_word' id='word_1_253' title='bbox 775 3352 939 3424; x_wconf 82' lang='lat' dir='ltr'>Epiphanius</span> <span class='ocrx_word' id='word_1_254' title='bbox 963 3371 1025 3410; x_wconf 92' lang='lat' dir='ltr'>vero</span> <span class='ocrx_word' id='word_1_255' title='bbox 1049 3355 1160 3427; x_wconf 86' lang='lat' dir='ltr'>perinde</span> 
     </span>
     <span class='ocr_line' id='line_1_34' title="bbox 141 3436 1159 3511; baseline 0.006 -19"><span class='ocrx_word' id='word_1_256' title='bbox 141 3439 193 3493; x_wconf 86' lang='lat' dir='ltr'>hoc</span> <span class='ocrx_word' id='word_1_257' title='bbox 220 3437 381 3494; x_wconf 83' lang='lat' dir='ltr'>vocabulum</span> <span class='ocrx_word' id='word_1_258' title='bbox 409 3437 506 3509; x_wconf 89' lang='lat' dir='ltr'>accipit</span> <span class='ocrx_word' id='word_1_259' title='bbox 534 3453 565 3492; x_wconf 90' lang='lat' dir='ltr'>ac</span> <span class='ocrx_word' id='word_1_260' title='bbox 593 3436 616 3492; x_wconf 89' lang='lat' dir='ltr'>si</span> <span class='ocrx_word' id='word_1_261' title='bbox 647 3438 717 3492; x_wconf 80' lang='lat' dir='ltr'>viles</span> <span class='ocrx_word' id='word_1_262' title='bbox 746 3444 772 3492; x_wconf 82' lang='lat' dir='ltr'>et</span> <span class='ocrx_word' id='word_1_263' title='bbox 793 3444 963 3510; x_wconf 84' lang='lat' dir='ltr'>contemptos</span> <span class='ocrx_word' id='word_1_264' title='bbox 985 3440 1159 3511; x_wconf 86' lang='lat' dir='ltr'>significaret.</span> 
     </span>
     <span class='ocr_line' id='line_1_35' title="bbox 139 3520 1161 3596; baseline 0.006 -20"><span class='ocrx_word' id='word_1_265' title='bbox 139 3520 205 3577; x_wconf 85' lang='lat' dir='ltr'>Nam</span> <span class='ocrx_word' id='word_1_266' title='bbox 234 3540 264 3578; x_wconf 87' lang='lat' dir='ltr'>ea</span> <span class='ocrx_word' id='word_1_267' title='bbox 292 3523 365 3579; x_wconf 88' lang='lat' dir='ltr'>vocis</span> <span class='ocrx_word' id='word_1_268' title='bbox 393 3531 435 3578; x_wconf 84' lang='lat' dir='ltr'>est</span> <span class='ocrx_word' id='word_1_269' title='bbox 457 3530 587 3594; x_wconf 89' lang='lat' dir='ltr'>potestas.</span> <span class='ocrx_word' id='word_1_270' title='bbox 632 3521 700 3578; x_wconf 87' lang='lat' dir='ltr'>Hinc</span> <span class='ocrx_word' id='word_1_271' title='bbox 721 3522 888 3596; x_wconf 87' lang='lat' dir='ltr'>dactylorum</span> <span class='ocrx_word' id='word_1_272' title='bbox 911 3541 997 3596; x_wconf 89' lang='lat' dir='ltr'>genus</span> <span class='ocrx_word' id='word_1_273' title='bbox 1021 3524 1090 3578; x_wconf 83' lang='lat' dir='ltr'>llivis</span> <span class='ocrx_word' id='word_1_274' title='bbox 1114 3544 1161 3582; x_wconf 88' lang='lat' dir='ltr'>sa-</span> 
     </span>
     <span class='ocr_line' id='line_1_36' title="bbox 140 3595 1158 3681; baseline 0.006 -20"><span class='ocrx_word' id='word_1_275' title='bbox 140 3623 216 3662; x_wconf 85' lang='lat' dir='ltr'>crum</span> <span class='ocrx_word' id='word_1_276' title='bbox 244 3625 293 3680; x_wconf 83' lang='lat' dir='ltr'>per</span> <span class='ocrx_word' id='word_1_277' title='bbox 322 3595 506 3680; x_wconf 87' lang='lat' dir='ltr'>contemptum</span> <span class='ocrx_word' id='word_1_278' title='bbox 534 3624 550 3663; x_wconf 89' lang='lat' dir='ltr'>a</span> <span class='ocrx_word' id='word_1_279' title='bbox 577 3606 681 3663; x_wconf 87' lang='lat' dir='ltr'>ludaeis</span> <span class='ocrx_word' id='word_1_280' title='bbox 705 3608 855 3681; x_wconf 88' lang='lat' dir='ltr'>chydaeum</span> <span class='ocrx_word' id='word_1_281' title='bbox 877 3618 1009 3665; x_wconf 87' lang='lat' dir='ltr'>vocatum.</span> <span class='ocrx_word' id='word_1_282' title='bbox 1055 3608 1158 3667; x_wconf 83' lang='lat' dir='ltr'>Plinius</span> 
     </span>
    </p>
   </div>
   <div class='ocr_carea' id='block_1_8' title="bbox 0 0 1272 4154">
    <p class='ocr_par' dir='ltr' id='par_1_16' title="bbox 0 0 1272 4154">
     <span class='ocr_line' id='line_1_37' title="bbox 0 0 1272 4154; baseline 0 0"><span class='ocrx_word' id='word_1_283' title='bbox 0 0 1272 4154; x_wconf 95' lang='lat' dir='ltr'> </span> 
     </span>
    </p>
   </div>
  </div>
 </body>
</html>
