2534 4154
153 310 231 407 =tlt
394 391 398 404 Ι
623 321 737 371 rernm
816 325 818 331 ·

165 492 256 538 torum
277 494 396 542 caussa,
426 494 457 534 ae
486 485 599 550 propter
626 477 669 550 pia
693 477 822 550 quaedam
845 479 992 535 ministeria
1016 480 1082 536 solvi
1105 496 1187 554 posse

164 565 288 640 pluribus
311 563 437 620 declarat.

359 783 402 840 so
426 781 593 839 aaronem
615 782 702 838 mvn
725 751 985 840 urnneumnon.

250 902 378 958 luthoris
406 901 488 956 huius
510 900 607 956 Sectae
635 917 735 957 nomen
764 902 835 956 varie
864 902 1017 975 concipitur
1039 904 1120 959 etiam
1143 906 1187 961 hic

163 988 198 1046 ah
221 979 380 1061 Epiphanio.
411 986 476 1040 Nam
499 985 666 1050 anthiocam
690 985 878 1042 antllieracas
900 997 1020 1044 vocatur.
1052 989 1110 1056 Qua
1134 1007 1188 1063 po·

163 1073 272 1130 steriori
299 1071 480 1146 appellatione
508 1079 638 1126 censetur
659 1071 729 1144 apud
754 1070 882 1126 Hilarium
905 1071 923 1126 l.
942 1074 959 1130 6
983 1072 1136 1141 delusit
1161 1084 1187 1130 et

162 1158 231 1232 hug
254 1157 300 1212 lih
325 1157 358 1212 de
380 1156 491 1215 llaeres
522 1155 593 1210 Saue
616 1155 638 1210 si
660 1155 786 1212 llieracas
809 1157 985 1243 appellandus
1008 1159 1059 1222 sit,
1084 1159 1186 1215 Graece

163 1243 278 1300 lortasse
301 1241 475 1298 scribendum
498 1242 549 1296 erit
567 1233 711 1315 Ἱερακᾶς.
742 1241 794 1296 Sed
818 1241 913 1296 nihil
907 1260 934 1296 m
958 1243 1076 1298 editione
1093 1253 1187 1300 nostra

163 1328 322 1383 mutandum
345 1327 510 1382 censuimus.
547 1325 641 1397 Neque
663 1343 726 1381 vero
749 1325 814 1381 satis
837 1335 911 1383 reete
934 1327 966 1381 ad
990 1344 1051 1383 eum
1072 1329 1186 1384 modum

162 1412 264 1473 inflecti
286 1421 380 1485 putem
402 1402 523 1484 possed
542 1402 680 1485 Ἶέρακας
707 1412 763 1466 τοῦ
781 1403 918 1488 Ιὲρακα,
949 1413 998 1468 sed
1027 1413 1068 1468 vel
1087 1406 1187 1491 ‘lepti

162 1514 218 1564 κας
240 1500 295 1554 τοῦ
313 1488 444 1574 Ιεράκα,
468 1496 509 1551 vel
527 1487 665 1572 reposce
685 1497 740 1551 τοῦ
758 1488 888 1573 Ιερακᾶ.

349 1715 392 1772 ΑΙ)
415 1715 582 1772 llhllllESlN
604 1715 702 1771 LXVlll
725 1650 997 1773 MELETlrlNOllUll.

246 1837 284 1890 lle
307 1835 454 1889 Meletianis
477 1834 550 1890 Actis
573 1851 603 1890 ac
627 1842 683 1889 tota
705 1834 864 1890 Schismatis
887 1835 1008 1899 historia,
1042 1853 1124 1908 quam
1141 1838 1186 1894 hic
1237 1902 1247 1916 ,

161 1920 290 1994 proponit
312 1919 488 1991 Epiphanius,
512 1919 577 1991 quid
599 1919 772 1974 sentiendum
795 1921 839 1983 sit,
863 1921 889 1974 iu
914 1920 1069 1975 Baronianis
1083 1912 1186 1977 'thuna-

161 2005 233 2061 lihus
262 2003 410 2076 explicatur
438 2019 508 2058 anno
534 2006 603 2067 306,
633 2002 732 2076 quihus
756 2021 807 2076 ego
829 2004 1007 2060 libentissime
1030 2005 1184 2063 subscribo.

109 2089 347 2150 YllGertissimnm
371 2089 441 2143 enim
465 2096 515 2152 est,
539 2087 711 2143 alleletiano
733 2088 825 2161 aliquo
847 2091 980 2162 scriptore
1003 2091 1068 2145 laisa
1084 2089 1185 2148 lleletii

160 2185 220 2232 aeta
242 2173 395 2246 conscripta
417 2173 515 2236 luisse,
539 2173 566 2228 in
590 2171 688 2245 quihus
712 2175 893 2246 turpissimam
917 2175 1032 2230 hominis
1048 2175 1184 2232 infamiam

161 2269 188 2317 et
210 2257 369 2316 execrabilia
393 2258 508 2314 laoinora
532 2257 702 2313 dissimulare
724 2267 837 2315 conatus
860 2268 913 2314 est.
940 2261 968 2314 ln
992 2277 1022 2315 eo
1046 2277 1107 2316 cum
1130 2263 1183 2317 im·

159 2347 280 2421 prodens
308 2344 448 2399 incidisset
469 2343 650 2416 Epiphanius,
684 2360 771 2398 veram
802 2361 832 2399 ac
859 2344 991 2400 sinceram
1020 2345 1093 2400 illam
1121 2363 1183 2405 esso

159 2431 341 2488 narrationem
369 2431 469 2485 lrustra
494 2429 616 2484 credidit.
663 2428 740 2496 Quod
762 2430 865 2484 utinam
889 2430 912 2484 ei
935 2430 960 2484 in
984 2439 1103 2486 mentem
1127 2448 1183 2488 non

159 2515 293 2572 venisset!
324 2515 445 2570 Pessime
467 2514 576 2588 quidem
600 2513 633 2568 de
656 2514 775 2569 humano
792 2532 893 2587 genere
908 2524 1049 2570 merentur
1064 2515 1111 2579 illi,
1134 2517 1183 2589 qui

159 2608 359 2656 sacrosanctam
381 2599 511 2654 historiae
534 2598 673 2654 veritatem
696 2599 841 2655 mendaciis
863 2609 1012 2672 aspergunt
1034 2601 1100 2655 suis.
1128 2601 1183 2657 Sed

158 2685 245 2740 multo
274 2683 426 2739 detestandi
454 2684 538 2756 magis
561 2701 592 2739 ae
613 2683 721 2756 publica
744 2686 886 2740 cotrcendi
909 2685 1050 2749 videntum·
1079 2685 1127 2759 qui
1149 2685 1182 2742 ad

158 2769 301 2826 salsitatem
333 2768 476 2841 impietatis
505 2784 536 2823 ac
567 2768 700 2841 sacrilegii
729 2769 829 2824 curren
854 2769 1018 2841 adiungunt,
1050 2769 1114 2825 dum
1136 2788 1183 2835 res

159 2854 363 2911 llaereticoram
386 2853 537 2916 hominum,
562 2853 766 2927 eorundemque
792 2870 901 2909 caussas
924 2871 954 2910 aa
970 2870 1102 2926 personas
1118 2855 1181 2912 stilo

159 2948 218 2996 sno
232 2955 287 2994 non
310 2939 390 2994 modo
414 2937 564 3000 sublevant.
589 2938 635 2992 sed
660 2938 740 2993 etiam
758 2949 851 2994 contra
868 2938 948 2994 fidem
964 2939 1083 2996 veritatis
1100 2957 1181 2997 axor-

157 3033 233 3080 nant.
265 3023 420 3079 Cuiusmodi
443 3028 531 3078 aetate
554 3031 647 3077 nostra
669 3023 824 3095 complures
840 3023 973 3080 Historiae
996 3025 1143 3097 prodeunt,
1159 3041 1180 3081 a

159 3109 313 3173 Catholicis
337 3118 368 3166 ut
390 3108 472 3164 videri
495 3108 597 3170 volunt,
622 3116 649 3162 et
665 3107 800 3163 llomanae
811 3109 1008 3164 communionis
1024 3109 1180 3166 hominihus

116 3218 120 3226 ·
158 3194 256 3258 editae,
280 3194 327 3249 sed
344 3210 413 3268 quoe
429 3193 456 3248 in
469 3191 619 3247 Genovensi
635 3192 725 3266 aliquo
741 3202 876 3248 conventu
891 3195 1034 3257 meditatae
1050 3195 1181 3252 dictatae-

157 3296 211 3354 que
233 3278 383 3335 videantur.
411 3279 533 3346 Quarum
556 3277 796 3349 praedicandarum
818 3277 899 3334 finem
922 3278 1026 3334 nullum
1046 3278 1181 3336 llaereti'el

157 3361 210 3438 ipsi
232 3353 350 3428 iaciunt,
375 3362 504 3419 Catholici
527 3378 581 3417 non
603 3371 636 3418 ut
657 3371 798 3436 suspectas
821 3363 925 3428 solum,
960 3365 1008 3420 sed
1030 3366 1178 3440 olimpias

156 3458 188 3504 tc
211 3449 349 3504 damnatas
371 3456 540 3505 execrantur.
586 3446 723 3502 Eiusmodi
746 3447 887 3504 lleletiana
912 3449 955 3504 illa
978 3449 1029 3505 luit
1050 3449 1178 3515 Historia,

157 3538 227 3608 qttee
249 3533 449 3589 sanctissimum
471 3532 556 3587 virum
573 3528 599 3586 in
616 3547 736 3587 errorem
752 3533 871 3589 adduxit.
901 3533 967 3589 llam
983 3533 1070 3606 qualis
1086 3551 1179 3592 ravam

157 3617 282 3677 lleletius
302 3618 400 3684 luerit,
430 3635 533 3693 qmeve
554 3616 707 3673 cononum
729 3617 883 3674 schismatis
913 3619 1018 3675 occasio
1048 3635 1080 3675 ao
1113 3637 1180 3695 pru-
