<?xml version="1.0" encoding="UTF-8"?>
<!DOCTYPE html PUBLIC "-//W3C//DTD XHTML 1.0 Transitional//EN"
    "http://www.w3.org/TR/xhtml1/DTD/xhtml1-transitional.dtd">
<html xmlns="http://www.w3.org/1999/xhtml" xml:lang="en" lang="en">
 <head>
  <title>
</title>
<meta http-equiv="Content-Type" content="text/html;charset=utf-8" />
  <meta name='ocr-system' content='tesseract 3.04.00' />
  <meta name='ocr-capabilities' content='ocr_page ocr_carea ocr_par ocr_line ocrx_word'/>
</head>
<body>
  <div class='ocr_page' id='page_1' title='image "./epiphaniiepisco00epipgoog_0316.png"; bbox 0 0 2534 4154; ppageno 0'>
   <div class='ocr_carea' id='block_1_1' title="bbox 459 312 1116 416">
    <p class='ocr_par' dir='ltr' id='par_1_1' title="bbox 459 312 1116 416">
     <span class='ocr_line' id='line_1_1' title="bbox 459 312 1116 416; baseline 0.014 -42"><span class='ocrx_word' id='word_1_1' title='bbox 459 326 751 379; x_wconf 75' lang='lat' dir='ltr'>ininiouensioncs.</span> <span class='ocrx_word' id='word_1_2' title='bbox 885 403 889 416; x_wconf 30' lang='grc' dir='ltr'>Ι</span> <span class='ocrx_word' id='word_1_3' title='bbox 1049 312 1116 383; x_wconf 77' lang='lat' dir='ltr'>tit·</span> 
     </span>
    </p>
   </div>
   <div class='ocr_carea' id='block_1_2' title="bbox 17 481 1221 3771">
    <p class='ocr_par' dir='ltr' id='par_1_2' title="bbox 86 481 1165 1829">
     <span class='ocr_line' id='line_1_2' title="bbox 86 481 1115 557; baseline 0.001 -17"><span class='ocrx_word' id='word_1_4' title='bbox 86 482 251 557; x_wconf 65' lang='lat' dir='ltr'>Antequam</span> <span class='ocrx_word' id='word_1_5' title='bbox 278 483 395 537; x_wconf 68' lang='lat' dir='ltr'>turma</span> <span class='ocrx_word' id='word_1_6' title='bbox 415 482 469 537; x_wconf 83' lang='lat' dir='ltr'>Dei</span> <span class='ocrx_word' id='word_1_7' title='bbox 496 483 716 555; x_wconf 74' lang='lat' dir='ltr'>eetiopucretur,</span> <span class='ocrx_word' id='word_1_8' title='bbox 745 481 865 551; x_wconf 78' lang='lat' dir='ltr'>inteltipi</span> <span class='ocrx_word' id='word_1_9' title='bbox 887 489 1010 552; x_wconf 83' lang='lat' dir='ltr'>oportet‚·</span> <span class='ocrx_word' id='word_1_10' title='bbox 1033 491 1115 547; x_wconf 62' lang='lat' dir='ltr'>antea</span> 
     </span>
     <span class='ocr_line' id='line_1_3' title="bbox 87 568 1165 642; baseline 0.001 -19"><span class='ocrx_word' id='word_1_11' title='bbox 87 585 181 642; x_wconf 82' lang='lat' dir='ltr'>quam</span> <span class='ocrx_word' id='word_1_12' title='bbox 202 569 251 622; x_wconf 78' lang='lat' dir='ltr'>lun</span> <span class='ocrx_word' id='word_1_13' title='bbox 273 568 378 622; x_wconf 81' lang='lat' dir='ltr'>diurno</span> <span class='ocrx_word' id='word_1_14' title='bbox 398 568 490 640; x_wconf 76' lang='lat' dir='ltr'>fieret,</span> <span class='ocrx_word' id='word_1_15' title='bbox 519 568 631 639; x_wconf 81' lang='lat' dir='ltr'>quoodo</span> <span class='ocrx_word' id='word_1_16' title='bbox 657 568 754 622; x_wconf 83' lang='lat' dir='ltr'>eodem</span> <span class='ocrx_word' id='word_1_17' title='bbox 776 568 964 636; x_wconf 77' lang='lat' dir='ltr'>eetinpuendo</span> <span class='ocrx_word' id='word_1_18' title='bbox 986 575 1048 625; x_wconf 85' lang='lat' dir='ltr'>erut</span> <span class='ocrx_word' id='word_1_19' title='bbox 1070 568 1165 631; x_wconf 65' lang='grc' dir='ltr'>ιιι-273</span> 
     </span>
     <span class='ocr_line' id='line_1_4' title="bbox 89 638 1116 724; baseline -0.001 -16"><span class='ocrx_word' id='word_1_20' title='bbox 89 671 191 709; x_wconf 82' lang='lat' dir='ltr'>cerno.</span> <span class='ocrx_word' id='word_1_21' title='bbox 227 651 274 708; x_wconf 81' lang='lat' dir='ltr'>Sic</span> <span class='ocrx_word' id='word_1_22' title='bbox 297 654 368 706; x_wconf 82' lang='lat' dir='ltr'>enim</span> <span class='ocrx_word' id='word_1_23' title='bbox 392 668 409 705; x_wconf 89' lang='lat' dir='ltr'>o</span> <span class='ocrx_word' id='word_1_24' title='bbox 433 652 551 708; x_wconf 85' lang='lat' dir='ltr'>Domino</span> <span class='ocrx_word' id='word_1_25' title='bbox 571 669 625 724; x_wconf 83' lang='lat' dir='ltr'>per</span> <span class='ocrx_word' id='word_1_26' title='bbox 645 651 762 721; x_wconf 71' lang='lat' dir='ltr'>Moysen</span> <span class='ocrx_word' id='word_1_27' title='bbox 784 653 891 706; x_wconf 80' lang='lat' dir='ltr'>iussum</span> <span class='ocrx_word' id='word_1_28' title='bbox 914 660 989 716; x_wconf 84' lang='lat' dir='ltr'>erat,</span> <span class='ocrx_word' id='word_1_29' title='bbox 1013 660 1044 706; x_wconf 85' lang='lat' dir='ltr'>ut</span> <span class='ocrx_word' id='word_1_30' title='bbox 1066 638 1116 708; x_wconf 59' lang='lat' dir='ltr'>eci-¹</span> 
     </span>
     <span class='ocr_line' id='line_1_5' title="bbox 89 737 1116 811; baseline -0.003 -16"><span class='ocrx_word' id='word_1_31' title='bbox 89 741 157 795; x_wconf 65' lang='grc' dir='ltr'>ἀιιιι</span> <span class='ocrx_word' id='word_1_32' title='bbox 179 739 295 794; x_wconf 75' lang='lat' dir='ltr'>lucerna</span> <span class='ocrx_word' id='word_1_33' title='bbox 318 739 530 811; x_wconf 75' lang='lat' dir='ltr'>docereturque</span> <span class='ocrx_word' id='word_1_34' title='bbox 552 754 643 804; x_wconf 84' lang='lat' dir='ltr'>mune.</span> <span class='ocrx_word' id='word_1_35' title='bbox 674 737 757 810; x_wconf 79' lang='lat' dir='ltr'>igitur</span> <span class='ocrx_word' id='word_1_36' title='bbox 779 745 861 792; x_wconf 86' lang='lat' dir='ltr'>noctu</span> <span class='ocrx_word' id='word_1_37' title='bbox 885 737 1012 792; x_wconf 82' lang='lat' dir='ltr'>duntaxat</span> <span class='ocrx_word' id='word_1_38' title='bbox 1034 738 1116 793; x_wconf 83' lang='lat' dir='ltr'>urde-</span> 
     </span>
     <span class='ocr_line' id='line_1_6' title="bbox 90 819 1116 894; baseline -0.003 -14"><span class='ocrx_word' id='word_1_39' title='bbox 90 825 162 893; x_wconf 83' lang='lat' dir='ltr'>bant</span> <span class='ocrx_word' id='word_1_40' title='bbox 184 822 324 886; x_wconf 87' lang='lat' dir='ltr'>lucernae,</span> <span class='ocrx_word' id='word_1_41' title='bbox 355 834 424 894; x_wconf 88' lang='lat' dir='ltr'>quae</span> <span class='ocrx_word' id='word_1_42' title='bbox 447 821 497 877; x_wconf 90' lang='lat' dir='ltr'>suh</span> <span class='ocrx_word' id='word_1_43' title='bbox 522 836 658 894; x_wconf 87' lang='lat' dir='ltr'>vesperam</span> <span class='ocrx_word' id='word_1_44' title='bbox 682 819 913 886; x_wconf 69' lang='lat' dir='ltr'>accendebantur,</span> <span class='ocrx_word' id='word_1_45' title='bbox 938 838 1015 878; x_wconf 88' lang='lat' dir='ltr'>mene</span> <span class='ocrx_word' id='word_1_46' title='bbox 1039 838 1116 877; x_wconf 85' lang='lat' dir='ltr'>eorn-</span> 
     </span>
     <span class='ocr_line' id='line_1_7' title="bbox 91 906 1114 984; baseline -0.003 -19"><span class='ocrx_word' id='word_1_47' title='bbox 91 907 277 982; x_wconf 75' lang='lat' dir='ltr'>ponebantur.</span> <span class='ocrx_word' id='word_1_48' title='bbox 322 906 398 976; x_wconf 82' lang='lat' dir='ltr'>Quae</span> <span class='ocrx_word' id='word_1_49' title='bbox 419 907 473 964; x_wconf 89' lang='lat' dir='ltr'>duo</span> <span class='ocrx_word' id='word_1_50' title='bbox 496 907 641 984; x_wconf 87' lang='lat' dir='ltr'>plurimum</span> <span class='ocrx_word' id='word_1_51' title='bbox 663 907 827 979; x_wconf 86' lang='lat' dir='ltr'>discrepant.</span> <span class='ocrx_word' id='word_1_52' title='bbox 870 906 965 973; x_wconf 83' lang='lat' dir='ltr'>Aliud,</span> <span class='ocrx_word' id='word_1_53' title='bbox 993 909 1114 982; x_wconf 82' lang='lat' dir='ltr'>inquam,</span> 
     </span>
     <span class='ocr_line' id='line_1_8' title="bbox 91 991 1118 1064; baseline -0.003 -14"><span class='ocrx_word' id='word_1_54' title='bbox 91 1003 138 1050; x_wconf 88' lang='lat' dir='ltr'>est</span> <span class='ocrx_word' id='word_1_55' title='bbox 160 993 301 1048; x_wconf 67' lang='lat' dir='ltr'>collocare</span> <span class='ocrx_word' id='word_1_56' title='bbox 321 993 462 1056; x_wconf 77' lang='lat' dir='ltr'>lucernas,</span> <span class='ocrx_word' id='word_1_57' title='bbox 484 991 555 1048; x_wconf 89' lang='lat' dir='ltr'>aliud</span> <span class='ocrx_word' id='word_1_58' title='bbox 578 1007 751 1064; x_wconf 78' lang='lat' dir='ltr'>componere.</span> <span class='ocrx_word' id='word_1_59' title='bbox 795 991 873 1047; x_wconf 84' lang='lat' dir='ltr'>Prius</span> <span class='ocrx_word' id='word_1_60' title='bbox 896 992 963 1049; x_wconf 88' lang='lat' dir='ltr'>illud</span> <span class='ocrx_word' id='word_1_61' title='bbox 985 1002 1028 1048; x_wconf 90' lang='lat' dir='ltr'>est</span> <span class='ocrx_word' id='word_1_62' title='bbox 1049 1008 1118 1055; x_wconf 52' lang='lat' dir='ltr'>caua,</span> 
     </span>
     <span class='ocr_line' id='line_1_9' title="bbox 92 1076 1117 1171; baseline -0.001 -36"><span class='ocrx_word' id='word_1_63' title='bbox 92 1077 210 1135; x_wconf 76' lang='lat' dir='ltr'>delabro</span> <span class='ocrx_word' id='word_1_64' title='bbox 231 1076 386 1133; x_wconf 77' lang='lat' dir='ltr'>lucernas</span> <span class='ocrx_word' id='word_1_65' title='bbox 379 1093 520 1171; x_wconf 82' lang='lat' dir='ltr'>imponere</span> <span class='ocrx_word' id='word_1_66' title='bbox 543 1086 570 1133; x_wconf 88' lang='lat' dir='ltr'>et</span> <span class='ocrx_word' id='word_1_67' title='bbox 591 1077 748 1133; x_wconf 77' lang='lat' dir='ltr'><strong>accendere.</strong></span> <span class='ocrx_word' id='word_1_68' title='bbox 780 1077 843 1133; x_wconf 87' lang='lat' dir='ltr'>Ideo</span> <span class='ocrx_word' id='word_1_69' title='bbox 867 1093 890 1132; x_wconf 89' lang='lat' dir='ltr'>c.</span> <span class='ocrx_word' id='word_1_70' title='bbox 906 1077 954 1133; x_wconf 84' lang='lat' dir='ltr'>ilio</span> <span class='ocrx_word' id='word_1_71' title='bbox 970 1079 1008 1134; x_wconf 79' lang='lat'>27</span> <span class='ocrx_word' id='word_1_72' title='bbox 1033 1076 1117 1134; x_wconf 76' lang='lat' dir='ltr'>Exodi</span> 
     </span>
     <span class='ocr_line' id='line_1_10' title="bbox 93 1160 1118 1234; baseline -0.002 -14"><span class='ocrx_word' id='word_1_73' title='bbox 93 1180 166 1220; x_wconf 87' lang='lat' dir='ltr'>com.</span> <span class='ocrx_word' id='word_1_74' title='bbox 184 1164 234 1226; x_wconf 78' lang='lat' dir='ltr'>tt,</span> <span class='ocrx_word' id='word_1_75' title='bbox 258 1161 304 1217; x_wconf 93' lang='lat' dir='ltr'>ubi</span> <span class='ocrx_word' id='word_1_76' title='bbox 326 1161 419 1218; x_wconf 86' lang='lat' dir='ltr'>Latine</span> <span class='ocrx_word' id='word_1_77' title='bbox 442 1161 481 1217; x_wconf 91' lang='lat' dir='ltr'>sic</span> <span class='ocrx_word' id='word_1_78' title='bbox 503 1162 618 1234; x_wconf 78' lang='lat' dir='ltr'>legitur:</span> <span class='ocrx_word' id='word_1_79' title='bbox 640 1161 676 1216; x_wconf 78' lang='lat' dir='ltr'>Et</span> <span class='ocrx_word' id='word_1_80' title='bbox 698 1163 875 1217; x_wconf 75' lang='lat' dir='ltr'>collocabunt</span> <span class='ocrx_word' id='word_1_81' title='bbox 897 1178 959 1216; x_wconf 84' lang='lat' dir='ltr'>eom</span> <span class='ocrx_word' id='word_1_82' title='bbox 970 1160 1068 1218; x_wconf 72' lang='lat' dir='ltr'>Aaron</span> <span class='ocrx_word' id='word_1_83' title='bbox 1089 1169 1118 1225; x_wconf 76' lang='lat' dir='ltr'>et</span> 
     </span>
     <span class='ocr_line' id='line_1_11' title="bbox 92 1228 1118 1343; baseline 0.001 -39"><span class='ocrx_word' id='word_1_84' title='bbox 92 1249 158 1343; x_wconf 65' lang='lat' dir='ltr'>diii</span> <span class='ocrx_word' id='word_1_85' title='bbox 168 1248 244 1311; x_wconf 80' lang='lat' dir='ltr'>cius,</span> <span class='ocrx_word' id='word_1_86' title='bbox 268 1228 398 1302; x_wconf 85' lang='lat' dir='ltr'>Hebraice</span> <span class='ocrx_word' id='word_1_87' title='bbox 420 1248 551 1319; x_wconf 88' lang='lat' dir='ltr'>scriptum</span> <span class='ocrx_word' id='word_1_88' title='bbox 575 1256 616 1303; x_wconf 91' lang='lat' dir='ltr'>est</span> <span class='ocrx_word' id='word_1_89' title='bbox 638 1259 707 1306; x_wconf 66' lang='lat' dir='ltr'>inst</span> <span class='ocrx_word' id='word_1_90' title='bbox 731 1245 880 1309; x_wconf 79' lang='lat' dir='ltr'>ordinabit,</span> <span class='ocrx_word' id='word_1_91' title='bbox 903 1247 932 1301; x_wconf 86' lang='lat' dir='ltr'>in</span> <span class='ocrx_word' id='word_1_92' title='bbox 953 1246 1118 1305; x_wconf 81' lang='lat' dir='ltr'>candelabro</span> 
     </span>
     <span class='ocr_line' id='line_1_12' title="bbox 94 1323 1117 1430; baseline -0.002 -41"><span class='ocrx_word' id='word_1_93' title='bbox 94 1333 232 1389; x_wconf 89' lang='lat' dir='ltr'>nimirum</span> <span class='ocrx_word' id='word_1_94' title='bbox 262 1333 296 1386; x_wconf 77' lang='lat' dir='ltr'>Ar</span> <span class='ocrx_word' id='word_1_95' title='bbox 306 1331 413 1430; x_wconf 46' lang='lat' dir='ltr'>&#39;Graece</span> <span class='ocrx_word' id='word_1_96' title='bbox 435 1323 537 1386; x_wconf 73' lang='grc' dir='ltr'>καύσει</span> <span class='ocrx_word' id='word_1_97' title='bbox 562 1325 637 1387; x_wconf 80' lang='grc' dir='ltr'><em>αὐτὸ</em></span> <span class='ocrx_word' id='word_1_98' title='bbox 660 1331 794 1400; x_wconf 85' lang='lat' dir='ltr'>(videlicet</span> <span class='ocrx_word' id='word_1_99' title='bbox 817 1323 1051 1408; x_wconf 75' lang='lat' dir='ltr'>oleum)&#39;Aoouir</span> <span class='ocrx_word' id='word_1_100' title='bbox 1065 1325 1117 1393; x_wconf 73' lang='lat' dir='ltr'>uoti</span> 
     </span>
     <span class='ocr_line' id='line_1_13' title="bbox 94 1406 1116 1492; baseline -0.003 -19"><span class='ocrx_word' id='word_1_101' title='bbox 94 1410 155 1474; x_wconf 74' lang='lat' dir='ltr'>uiui</span> <span class='ocrx_word' id='word_1_102' title='bbox 178 1409 275 1472; x_wconf 78' lang='grc' dir='ltr'>αὐτοῦ</span> <span class='ocrx_word' id='word_1_103' title='bbox 297 1408 342 1492; x_wconf 65' lang='lat' dir='ltr'>dp</span> <span class='ocrx_word' id='word_1_104' title='bbox 342 1406 544 1489; x_wconf 64' lang='grc' dir='ltr'>’ἐπέρας’</span> <span class='ocrx_word' id='word_1_105' title='bbox 527 1433 583 1483; x_wconf 67' lang='grc' dir='ltr'>ειυς</span> <span class='ocrx_word' id='word_1_106' title='bbox 603 1413 691 1492; x_wconf 76' lang='grc' dir='ltr'><em>πρωΐ.</em></span> <span class='ocrx_word' id='word_1_107' title='bbox 737 1416 819 1472; x_wconf 89' lang='lat' dir='ltr'>Sed</span> <span class='ocrx_word' id='word_1_108' title='bbox 812 1433 839 1471; x_wconf 91' lang='lat' dir='ltr'>m</span> <span class='ocrx_word' id='word_1_109' title='bbox 863 1414 915 1471; x_wconf 90' lang='lat' dir='ltr'>illo</span> <span class='ocrx_word' id='word_1_110' title='bbox 929 1414 1006 1480; x_wconf 87' lang='lat' dir='ltr'>locu,</span> <span class='ocrx_word' id='word_1_111' title='bbox 1033 1430 1116 1489; x_wconf 80' lang='lat' dir='ltr'>quem</span> 
     </span>
     <span class='ocr_line' id='line_1_14' title="bbox 94 1501 1117 1574; baseline -0.002 -16"><span class='ocrx_word' id='word_1_112' title='bbox 94 1501 240 1558; x_wconf 86' lang='lat' dir='ltr'>dbulensis</span> <span class='ocrx_word' id='word_1_113' title='bbox 263 1518 292 1556; x_wconf 81' lang='lat' dir='ltr'>ex</span> <span class='ocrx_word' id='word_1_114' title='bbox 317 1520 340 1556; x_wconf 89' lang='lat' dir='ltr'>c.</span> <span class='ocrx_word' id='word_1_115' title='bbox 360 1503 397 1557; x_wconf 85' lang='lat'>30</span> <span class='ocrx_word' id='word_1_116' title='bbox 421 1517 490 1556; x_wconf 82' lang='lat' dir='ltr'>corn.</span> <span class='ocrx_word' id='word_1_117' title='bbox 508 1504 525 1558; x_wconf 90' lang='lat'>8</span> <span class='ocrx_word' id='word_1_118' title='bbox 550 1501 662 1574; x_wconf 78' lang='lat' dir='ltr'>profert,</span> <span class='ocrx_word' id='word_1_119' title='bbox 687 1519 737 1574; x_wconf 88' lang='lat' dir='ltr'>pro</span> <span class='ocrx_word' id='word_1_120' title='bbox 759 1501 853 1559; x_wconf 82' lang='lat' dir='ltr'>Latino</span> <span class='ocrx_word' id='word_1_121' title='bbox 869 1501 1052 1573; x_wconf 79' lang='lat' dir='ltr'>componendi</span> <span class='ocrx_word' id='word_1_122' title='bbox 1066 1517 1117 1556; x_wconf 90' lang='lat' dir='ltr'>vo</span> 
     </span>
     <span class='ocr_line' id='line_1_15' title="bbox 96 1584 1142 1660; baseline -0.004 -16"><span class='ocrx_word' id='word_1_123' title='bbox 96 1586 209 1651; x_wconf 86' lang='lat' dir='ltr'>cabulo,</span> <span class='ocrx_word' id='word_1_124' title='bbox 234 1585 364 1641; x_wconf 72' lang='lat' dir='ltr'>Hebraico</span> <span class='ocrx_word' id='word_1_125' title='bbox 387 1598 486 1646; x_wconf 64' lang='lat' dir='ltr'>ntur.</span> <span class='ocrx_word' id='word_1_126' title='bbox 496 1587 605 1660; x_wconf 88' lang='lat' dir='ltr'>q,uod</span> <span class='ocrx_word' id='word_1_127' title='bbox 630 1595 671 1641; x_wconf 89' lang='lat' dir='ltr'>est</span> <span class='ocrx_word' id='word_1_128' title='bbox 694 1595 801 1658; x_wconf 88' lang='lat' dir='ltr'>aptare,</span> <span class='ocrx_word' id='word_1_129' title='bbox 833 1603 863 1641; x_wconf 88' lang='lat' dir='ltr'>ac</span> <span class='ocrx_word' id='word_1_130' title='bbox 886 1602 1051 1659; x_wconf 83' lang='lat' dir='ltr'>repurgare,</span> <span class='ocrx_word' id='word_1_131' title='bbox 1074 1584 1142 1641; x_wconf 84' lang='lat' dir='ltr'>vel·</span> 
     </span>
     <span class='ocr_line' id='line_1_16' title="bbox 96 1657 1117 1745; baseline -0.001 -19"><span class='ocrx_word' id='word_1_132' title='bbox 96 1672 188 1745; x_wconf 90' lang='lat' dir='ltr'>potins</span> <span class='ocrx_word' id='word_1_133' title='bbox 211 1671 369 1735; x_wconf 86' lang='lat' dir='ltr'>recondere,</span> <span class='ocrx_word' id='word_1_134' title='bbox 393 1657 529 1726; x_wconf 80' lang='lat' dir='ltr'>Graece</span> <span class='ocrx_word' id='word_1_135' title='bbox 516 1665 728 1743; x_wconf 72' lang='lat' dir='ltr'>eorumdum,</span> <span class='ocrx_word' id='word_1_136' title='bbox 744 1672 795 1727; x_wconf 86' lang='lat' dir='ltr'>hoc</span> <span class='ocrx_word' id='word_1_137' title='bbox 818 1679 860 1726; x_wconf 87' lang='lat' dir='ltr'>est</span> <span class='ocrx_word' id='word_1_138' title='bbox 882 1671 909 1725; x_wconf 95' lang='lat' dir='ltr'>in</span> <span class='ocrx_word' id='word_1_139' title='bbox 925 1671 985 1725; x_wconf 88' lang='lat' dir='ltr'>loco</span> <span class='ocrx_word' id='word_1_140' title='bbox 1002 1686 1061 1734; x_wconf 93' lang='lat' dir='ltr'>suo,</span> <span class='ocrx_word' id='word_1_141' title='bbox 1086 1685 1117 1725; x_wconf 86' lang='lat' dir='ltr'>ac</span> 
     </span>
     <span class='ocr_line' id='line_1_17' title="bbox 97 1755 1115 1829; baseline -0.002 -17"><span class='ocrx_word' id='word_1_142' title='bbox 97 1759 191 1820; x_wconf 86' lang='lat' dir='ltr'>theca,</span> <span class='ocrx_word' id='word_1_143' title='bbox 221 1755 265 1810; x_wconf 86' lang='lat' dir='ltr'>vei</span> <span class='ocrx_word' id='word_1_144' title='bbox 288 1755 353 1810; x_wconf 86' lang='lat' dir='ltr'>ceila</span> <span class='ocrx_word' id='word_1_145' title='bbox 382 1773 525 1828; x_wconf 75' lang='lat' dir='ltr'>reponere.</span> <span class='ocrx_word' id='word_1_146' title='bbox 570 1756 614 1811; x_wconf 89' lang='lat' dir='ltr'>Sic</span> <span class='ocrx_word' id='word_1_147' title='bbox 637 1772 812 1829; x_wconf 89' lang='lat' dir='ltr'>componere</span> <span class='ocrx_word' id='word_1_148' title='bbox 823 1763 960 1811; x_wconf 84' lang='lat' dir='ltr'>mortuum</span> <span class='ocrx_word' id='word_1_149' title='bbox 984 1759 1010 1810; x_wconf 90' lang='lat' dir='ltr'>in</span> <span class='ocrx_word' id='word_1_150' title='bbox 1032 1756 1115 1819; x_wconf 88' lang='lat' dir='ltr'>lecto,</span> 
     </span>
    </p>

    <p class='ocr_par' dir='ltr' id='par_1_3' title="bbox 25 1830 1170 2254">
     <span class='ocr_line' id='line_1_18' title="bbox 25 1830 1116 1915; baseline -0.001 -19"><span class='ocrx_word' id='word_1_151' title='bbox 25 1830 31 1835; x_wconf 59' lang='grc'><strong>’</strong></span> <span class='ocrx_word' id='word_1_152' title='bbox 97 1841 171 1915; x_wconf 84' lang='lat' dir='ltr'>quod</span> <span class='ocrx_word' id='word_1_153' title='bbox 194 1858 244 1896; x_wconf 90' lang='lat' dir='ltr'>nos</span> <span class='ocrx_word' id='word_1_154' title='bbox 267 1840 380 1896; x_wconf 89' lang='lat' dir='ltr'>dicimus</span> <span class='ocrx_word' id='word_1_155' title='bbox 403 1857 531 1910; x_wconf 80' lang='lat' dir='ltr'>epencer.</span> <span class='ocrx_word' id='word_1_156' title='bbox 571 1841 672 1897; x_wconf 84' lang='lat' dir='ltr'>ibidem</span> <span class='ocrx_word' id='word_1_157' title='bbox 696 1858 758 1898; x_wconf 88' lang='lat' dir='ltr'>vero</span> <span class='ocrx_word' id='word_1_158' title='bbox 780 1859 830 1914; x_wconf 86' lang='lat' dir='ltr'>pro</span> <span class='ocrx_word' id='word_1_159' title='bbox 854 1841 982 1914; x_wconf 85' lang='lat' dir='ltr'>eoquod</span> <span class='ocrx_word' id='word_1_160' title='bbox 1005 1841 1116 1896; x_wconf 86' lang='lat' dir='ltr'>betinus</span> 
     </span>
     <span class='ocr_line' id='line_1_19' title="bbox 97 1925 1118 1998; baseline 0.003 -16"><span class='ocrx_word' id='word_1_161' title='bbox 97 1927 244 1998; x_wconf 87' lang='lat' dir='ltr'>iuterpres·</span> <span class='ocrx_word' id='word_1_162' title='bbox 264 1925 361 1982; x_wconf 85' lang='lat' dir='ltr'>babet:</span> <span class='ocrx_word' id='word_1_163' title='bbox 390 1928 502 1997; x_wconf 81' lang='lat' dir='ltr'>quondo</span> <span class='ocrx_word' id='word_1_164' title='bbox 525 1927 644 1982; x_wconf 80' lang='lat' dir='ltr'>coddocot</span> <span class='ocrx_word' id='word_1_165' title='bbox 667 1942 716 1981; x_wconf 84' lang='lat' dir='ltr'>eor</span> <span class='ocrx_word' id='word_1_166' title='bbox 737 1928 775 1982; x_wconf 89' lang='lat' dir='ltr'>od</span> <span class='ocrx_word' id='word_1_167' title='bbox 797 1942 956 1998; x_wconf 75' lang='lat' dir='ltr'>uesperum,</span> <span class='ocrx_word' id='word_1_168' title='bbox 986 1925 1118 1985; x_wconf 84' lang='lat' dir='ltr'>Hebruiou</span> 
     </span>
     <span class='ocr_line' id='line_1_20' title="bbox 97 2007 1117 2084; baseline -0.001 -17"><span class='ocrx_word' id='word_1_169' title='bbox 97 2012 228 2084; x_wconf 88' lang='lat' dir='ltr'>scriptum</span> <span class='ocrx_word' id='word_1_170' title='bbox 257 2021 298 2067; x_wconf 89' lang='lat' dir='ltr'>est</span> <span class='ocrx_word' id='word_1_171' title='bbox 326 2007 429 2070; x_wconf 68' lang='lat' dir='ltr'>nabor.</span> <span class='ocrx_word' id='word_1_172' title='bbox 459 2012 512 2068; x_wconf 86' lang='lat' dir='ltr'>hoc</span> <span class='ocrx_word' id='word_1_173' title='bbox 540 2020 581 2066; x_wconf 88' lang='lat' dir='ltr'>ost</span> <span class='ocrx_word' id='word_1_174' title='bbox 609 2010 748 2073; x_wconf 87' lang='lat' dir='ltr'>attollere,</span> <span class='ocrx_word' id='word_1_175' title='bbox 781 2012 922 2084; x_wconf 79' lang='lat' dir='ltr'>imponere</span> <span class='ocrx_word' id='word_1_176' title='bbox 944 2010 1117 2076; x_wconf 76' lang='lat' dir='ltr'>candelabro,</span> 
     </span>
     <span class='ocr_line' id='line_1_21' title="bbox 96 2089 1170 2170; baseline -0.003 -18"><span class='ocrx_word' id='word_1_177' title='bbox 96 2097 161 2152; x_wconf 81' lang='lat' dir='ltr'>LXX</span> <span class='ocrx_word' id='word_1_178' title='bbox 184 2089 330 2166; x_wconf 79' lang='grc' dir='ltr'>ἐξάπτειν,</span> <span class='ocrx_word' id='word_1_179' title='bbox 353 2097 510 2152; x_wconf 88' lang='lat' dir='ltr'>accendere.</span> <span class='ocrx_word' id='word_1_180' title='bbox 552 2096 595 2152; x_wconf 86' lang='lat' dir='ltr'>Sic</span> <span class='ocrx_word' id='word_1_181' title='bbox 617 2096 659 2152; x_wconf 83' lang='lat' dir='ltr'>tt</span> <span class='ocrx_word' id='word_1_182' title='bbox 687 2097 752 2170; x_wconf 75' lang='lat' dir='ltr'>Reg.</span> <span class='ocrx_word' id='word_1_183' title='bbox 778 2114 810 2152; x_wconf 89' lang='lat' dir='ltr'>eo</span> <span class='ocrx_word' id='word_1_184' title='bbox 832 2096 902 2160; x_wconf 88' lang='lat' dir='ltr'>loco,</span> <span class='ocrx_word' id='word_1_185' title='bbox 927 2114 1007 2170; x_wconf 85' lang='lat' dir='ltr'>quein</span> <span class='ocrx_word' id='word_1_186' title='bbox 1030 2095 1170 2163; x_wconf 56' lang='lat' dir='ltr'>adduapssg</span> 
     </span>
     <span class='ocr_line' id='line_1_22' title="bbox 96 2180 1118 2254; baseline -0.004 -16"><span class='ocrx_word' id='word_1_187' title='bbox 96 2181 200 2238; x_wconf 87' lang='lat' dir='ltr'>ximus:</span> <span class='ocrx_word' id='word_1_188' title='bbox 224 2180 354 2236; x_wconf 76' lang='lat' dir='ltr'>Lucerna</span> <span class='ocrx_word' id='word_1_189' title='bbox 376 2181 429 2236; x_wconf 82' lang='lat' dir='ltr'>Dei</span> <span class='ocrx_word' id='word_1_190' title='bbox 450 2189 602 2254; x_wconf 79' lang='lat' dir='ltr'>antequam</span> <span class='ocrx_word' id='word_1_191' title='bbox 625 2183 841 2252; x_wconf 75' lang='lat' dir='ltr'>emtiopueretor,</span> <span class='ocrx_word' id='word_1_192' title='bbox 865 2182 891 2236; x_wconf 92' lang='lat' dir='ltr'>in</span> <span class='ocrx_word' id='word_1_193' title='bbox 907 2181 973 2253; x_wconf 80' lang='lat' dir='ltr'>Reg.</span> <span class='ocrx_word' id='word_1_194' title='bbox 998 2189 1040 2236; x_wconf 85' lang='lat' dir='ltr'>est</span> <span class='ocrx_word' id='word_1_195' title='bbox 1062 2198 1118 2235; x_wconf 65' lang='lat' dir='ltr'>xm</span> 
     </span>
    </p>

    <p class='ocr_par' dir='ltr' id='par_1_4' title="bbox 17 2263 1221 3189">
     <span class='ocr_line' id='line_1_23' title="bbox 17 2263 1118 2340; baseline -0.003 -18"><span class='ocrx_word' id='word_1_196' title='bbox 17 2282 21 2287; x_wconf 87' lang='grc'>·</span> <span class='ocrx_word' id='word_1_197' title='bbox 96 2263 318 2340; x_wconf 69' lang='grc' dir='ltr'>τασβεσθῆναιι</span> <span class='ocrx_word' id='word_1_198' title='bbox 363 2267 392 2320; x_wconf 89' lang='lat' dir='ltr'>ln</span> <span class='ocrx_word' id='word_1_199' title='bbox 415 2266 540 2322; x_wconf 79' lang='lat' dir='ltr'>diditione</span> <span class='ocrx_word' id='word_1_200' title='bbox 563 2267 630 2322; x_wconf 83' lang='lat' dir='ltr'>Sinti</span> <span class='ocrx_word' id='word_1_201' title='bbox 652 2263 918 2339; x_wconf 71' lang='grc' dir='ltr'>ἐπισκευασθῆναι.</span> <span class='ocrx_word' id='word_1_202' title='bbox 956 2265 994 2321; x_wconf 81' lang='lat' dir='ltr'>Ex</span> <span class='ocrx_word' id='word_1_203' title='bbox 1015 2263 1118 2336; x_wconf 82' lang='lat' dir='ltr'>quibus</span> 
     </span>
     <span class='ocr_line' id='line_1_24' title="bbox 97 2350 1118 2424; baseline -0.006 -17"><span class='ocrx_word' id='word_1_204' title='bbox 97 2360 210 2424; x_wconf 85' lang='lat' dir='ltr'>apparet</span> <span class='ocrx_word' id='word_1_205' title='bbox 231 2350 302 2405; x_wconf 87' lang='lat' dir='ltr'>idem</span> <span class='ocrx_word' id='word_1_206' title='bbox 325 2366 385 2405; x_wconf 85' lang='lat' dir='ltr'>esse</span> <span class='ocrx_word' id='word_1_207' title='bbox 408 2350 542 2406; x_wconf 81' lang='lat' dir='ltr'>collocare</span> <span class='ocrx_word' id='word_1_208' title='bbox 565 2351 699 2414; x_wconf 87' lang='lat' dir='ltr'>lucernas,</span> <span class='ocrx_word' id='word_1_209' title='bbox 724 2352 797 2421; x_wconf 91' lang='lat' dir='ltr'>quod</span> <span class='ocrx_word' id='word_1_210' title='bbox 812 2350 937 2405; x_wconf 85' lang='lat' dir='ltr'>attollere</span> <span class='ocrx_word' id='word_1_211' title='bbox 952 2366 1036 2421; x_wconf 90' lang='lat' dir='ltr'>super</span> <span class='ocrx_word' id='word_1_212' title='bbox 1051 2365 1118 2405; x_wconf 66' lang='lat' dir='ltr'>can-⁴</span> 
     </span>
     <span class='ocr_line' id='line_1_25' title="bbox 97 2427 1171 2507; baseline -0.002 -14"><span class='ocrx_word' id='word_1_213' title='bbox 97 2434 238 2493; x_wconf 79' lang='lat' dir='ltr'>delabrum</span> <span class='ocrx_word' id='word_1_214' title='bbox 261 2444 288 2490; x_wconf 91' lang='lat' dir='ltr'>et</span> <span class='ocrx_word' id='word_1_215' title='bbox 308 2435 465 2497; x_wconf 87' lang='lat' dir='ltr'>accendere,</span> <span class='ocrx_word' id='word_1_216' title='bbox 490 2444 584 2492; x_wconf 86' lang='lat' dir='ltr'>contra</span> <span class='ocrx_word' id='word_1_217' title='bbox 606 2453 669 2491; x_wconf 89' lang='lat' dir='ltr'>vero</span> <span class='ocrx_word' id='word_1_218' title='bbox 693 2435 943 2507; x_wconf 87' lang='lat' dir='ltr'>componereidcm</span> <span class='ocrx_word' id='word_1_219' title='bbox 959 2441 1118 2506; x_wconf 73' lang='lat' dir='ltr'>essentque</span> <span class='ocrx_word' id='word_1_220' title='bbox 1167 2427 1171 2442; x_wconf 74' lang='lat'><em>¹</em></span> 
     </span>
     <span class='ocr_line' id='line_1_26' title="bbox 97 2517 1119 2592; baseline -0.001 -15"><span class='ocrx_word' id='word_1_221' title='bbox 97 2522 229 2577; x_wconf 77' lang='lat' dir='ltr'>extinctas</span> <span class='ocrx_word' id='word_1_222' title='bbox 250 2520 395 2576; x_wconf 75' lang='lat' dir='ltr'>detrahere</span> <span class='ocrx_word' id='word_1_223' title='bbox 418 2529 446 2576; x_wconf 89' lang='lat' dir='ltr'>et</span> <span class='ocrx_word' id='word_1_224' title='bbox 468 2537 519 2576; x_wconf 91' lang='lat' dir='ltr'>suo</span> <span class='ocrx_word' id='word_1_225' title='bbox 541 2519 601 2575; x_wconf 85' lang='lat' dir='ltr'>loco</span> <span class='ocrx_word' id='word_1_226' title='bbox 624 2535 768 2592; x_wconf 83' lang='lat' dir='ltr'>reponere.</span> <span class='ocrx_word' id='word_1_227' title='bbox 798 2519 881 2575; x_wconf 87' lang='lat' dir='ltr'>Erant</span> <span class='ocrx_word' id='word_1_228' title='bbox 896 2518 968 2574; x_wconf 89' lang='lat' dir='ltr'>enim</span> <span class='ocrx_word' id='word_1_229' title='bbox 985 2517 1119 2591; x_wconf 74' lang='lat' dir='ltr'>exempti-r</span> 
     </span>
     <span class='ocr_line' id='line_1_27' title="bbox 96 2602 1119 2679; baseline -0.001 -17"><span class='ocrx_word' id='word_1_230' title='bbox 96 2604 138 2663; x_wconf 83' lang='lat' dir='ltr'>les</span> <span class='ocrx_word' id='word_1_231' title='bbox 157 2605 301 2670; x_wconf 87' lang='lat' dir='ltr'>lucernae,</span> <span class='ocrx_word' id='word_1_232' title='bbox 330 2622 400 2679; x_wconf 87' lang='lat' dir='ltr'>quae</span> <span class='ocrx_word' id='word_1_233' title='bbox 423 2603 582 2679; x_wconf 85' lang='lat' dir='ltr'>candelabro</span> <span class='ocrx_word' id='word_1_234' title='bbox 606 2603 658 2660; x_wconf 92' lang='lat' dir='ltr'>sub</span> <span class='ocrx_word' id='word_1_235' title='bbox 680 2612 789 2661; x_wconf 86' lang='lat' dir='ltr'>noctem</span> <span class='ocrx_word' id='word_1_236' title='bbox 805 2603 968 2678; x_wconf 85' lang='lat' dir='ltr'>impositae,</span> <span class='ocrx_word' id='word_1_237' title='bbox 998 2602 1119 2663; x_wconf 79' lang='lat' dir='ltr'>diluenlo</span> 
     </span>
     <span class='ocr_line' id='line_1_28' title="bbox 97 2689 1119 2764; baseline 0.003 -17"><span class='ocrx_word' id='word_1_238' title='bbox 97 2691 281 2764; x_wconf 86' lang='lat' dir='ltr'>demerentur.</span> <span class='ocrx_word' id='word_1_239' title='bbox 311 2689 394 2750; x_wconf 78' lang='lat' dir='ltr'>Enod.</span> <span class='ocrx_word' id='word_1_240' title='bbox 413 2692 461 2754; x_wconf 78' lang='lat'>25,</span> <span class='ocrx_word' id='word_1_241' title='bbox 481 2693 529 2747; x_wconf 83' lang='lat'>37.</span> <span class='ocrx_word' id='word_1_242' title='bbox 552 2689 653 2745; x_wconf 79' lang='lat' dir='ltr'>Facies</span> <span class='ocrx_word' id='word_1_243' title='bbox 676 2697 701 2745; x_wconf 89' lang='lat' dir='ltr'>et</span> <span class='ocrx_word' id='word_1_244' title='bbox 723 2691 853 2746; x_wconf 78' lang='lat' dir='ltr'>lucernas</span> <span class='ocrx_word' id='word_1_245' title='bbox 879 2693 893 2746; x_wconf 82' lang='lat'>7</span> <span class='ocrx_word' id='word_1_246' title='bbox 919 2697 947 2746; x_wconf 84' lang='lat' dir='ltr'>et</span> <span class='ocrx_word' id='word_1_247' title='bbox 962 2706 1053 2763; x_wconf 74' lang='lat' dir='ltr'>ponec</span> <span class='ocrx_word' id='word_1_248' title='bbox 1067 2705 1119 2751; x_wconf 67' lang='lat' dir='ltr'>cut*</span> 
     </span>
     <span class='ocr_line' id='line_1_29' title="bbox 95 2774 1119 2849; baseline 0 -19"><span class='ocrx_word' id='word_1_249' title='bbox 95 2792 184 2848; x_wconf 74' lang='lat' dir='ltr'>rupee·</span> <span class='ocrx_word' id='word_1_250' title='bbox 216 2776 425 2831; x_wconf 80' lang='lat' dir='ltr'>condelabrum.</span> <span class='ocrx_word' id='word_1_251' title='bbox 470 2776 535 2832; x_wconf 67' lang='grc' dir='ltr'><strong>Μ</strong></span> <span class='ocrx_word' id='word_1_252' title='bbox 564 2775 625 2831; x_wconf 88' lang='lat' dir='ltr'>Par.</span> <span class='ocrx_word' id='word_1_253' title='bbox 648 2792 672 2832; x_wconf 84' lang='lat' dir='ltr'>e.</span> <span class='ocrx_word' id='word_1_254' title='bbox 691 2777 736 2839; x_wconf 84' lang='lat'>13,</span> <span class='ocrx_word' id='word_1_255' title='bbox 757 2779 810 2832; x_wconf 81' lang='lat' dir='ltr'>li:</span> <span class='ocrx_word' id='word_1_256' title='bbox 839 2774 944 2847; x_wconf 75' lang='lat' dir='ltr'>Estque</span> <span class='ocrx_word' id='word_1_257' title='bbox 968 2777 1046 2849; x_wconf 80' lang='lat' dir='ltr'>opud</span> <span class='ocrx_word' id='word_1_258' title='bbox 1065 2788 1119 2837; x_wconf 66' lang='lat' dir='ltr'>ooo</span> 
     </span>
     <span class='ocr_line' id='line_1_30' title="bbox 96 2859 1221 2937; baseline 0 -21"><span class='ocrx_word' id='word_1_259' title='bbox 96 2861 301 2916; x_wconf 77' lang='lat' dir='ltr'>oondciubrum</span> <span class='ocrx_word' id='word_1_260' title='bbox 323 2877 440 2937; x_wconf 55' lang='lat' dir='ltr'>nuscum</span> <span class='ocrx_word' id='word_1_261' title='bbox 462 2868 488 2914; x_wconf 86' lang='lat' dir='ltr'>et</span> <span class='ocrx_word' id='word_1_262' title='bbox 510 2861 642 2916; x_wconf 80' lang='lat' dir='ltr'>lucernae</span> <span class='ocrx_word' id='word_1_263' title='bbox 663 2861 732 2924; x_wconf 70' lang='lat' dir='ltr'>rius,</span> <span class='ocrx_word' id='word_1_264' title='bbox 755 2868 786 2916; x_wconf 84' lang='lat' dir='ltr'>ut</span> <span class='ocrx_word' id='word_1_265' title='bbox 803 2863 1119 2932; x_wconf 71' lang='lat' dir='ltr'>accendantur-sempor</span> <span class='ocrx_word' id='word_1_266' title='bbox 1220 2859 1221 2866; x_wconf 73' lang='grc'>’</span> 
     </span>
     <span class='ocr_line' id='line_1_31' title="bbox 96 2943 1127 3018; baseline -0.002 -17"><span class='ocrx_word' id='word_1_267' title='bbox 96 2946 137 3001; x_wconf 85' lang='lat' dir='ltr'>ed</span> <span class='ocrx_word' id='word_1_268' title='bbox 163 2951 318 3017; x_wconf 77' lang='lat' dir='ltr'>uesperam.</span> <span class='ocrx_word' id='word_1_269' title='bbox 364 2945 392 3000; x_wconf 87' lang='lat' dir='ltr'>Si</span> <span class='ocrx_word' id='word_1_270' title='bbox 419 2945 452 3000; x_wconf 82' lang='lat' dir='ltr'>ud</span> <span class='ocrx_word' id='word_1_271' title='bbox 480 2961 619 3018; x_wconf 85' lang='lat' dir='ltr'>vesperam</span> <span class='ocrx_word' id='word_1_272' title='bbox 648 2945 880 3009; x_wconf 75' lang='lat' dir='ltr'>accendebantur,</span> <span class='ocrx_word' id='word_1_273' title='bbox 912 2962 977 3018; x_wconf 80' lang='lat' dir='ltr'>ergo</span> <span class='ocrx_word' id='word_1_274' title='bbox 1000 2943 1127 3004; x_wconf 47' lang='lat' dir='ltr'>interdiu*</span> 
     </span>
     <span class='ocr_line' id='line_1_32' title="bbox 97 3029 1118 3104; baseline -0.001 -18"><span class='ocrx_word' id='word_1_275' title='bbox 97 3039 177 3087; x_wconf 86' lang='lat' dir='ltr'>crant</span> <span class='ocrx_word' id='word_1_276' title='bbox 205 3030 354 3094; x_wconf 78' lang='lat' dir='ltr'>extinctae,</span> <span class='ocrx_word' id='word_1_277' title='bbox 384 3046 439 3086; x_wconf 91' lang='lat' dir='ltr'>nou</span> <span class='ocrx_word' id='word_1_278' title='bbox 462 3030 594 3092; x_wconf 75' lang='lat' dir='ltr'>modod,</span> <span class='ocrx_word' id='word_1_279' title='bbox 618 3039 645 3086; x_wconf 88' lang='lat' dir='ltr'>nt</span> <span class='ocrx_word' id='word_1_280' title='bbox 671 3030 803 3104; x_wconf 86' lang='lat' dir='ltr'>Iosephus</span> <span class='ocrx_word' id='word_1_281' title='bbox 827 3031 927 3094; x_wconf 89' lang='lat' dir='ltr'>credit,</span> <span class='ocrx_word' id='word_1_282' title='bbox 952 3029 1000 3084; x_wconf 90' lang='lat' dir='ltr'>sed</span> <span class='ocrx_word' id='word_1_283' title='bbox 1023 3043 1118 3088; x_wconf 74' lang='lat' dir='ltr'>omnes</span> 
     </span>
     <span class='ocr_line' id='line_1_33' title="bbox 96 3122 220 3211; baseline -0.019 -39"><span class='ocrx_word' id='word_1_284' title='bbox 96 3122 220 3211; x_wconf 85' lang='lat' dir='ltr'>septem.</span> 
     </span>
    </p>

    <p class='ocr_par' dir='ltr' id='par_1_5' title="bbox 96 3189 1163 3771">
     <span class='ocr_line' id='line_1_34' title="bbox 185 3189 1163 3274; baseline -0.001 -20"><span class='ocrx_word' id='word_1_285' title='bbox 185 3189 221 3254; x_wconf 77' lang='lat' dir='ltr'>ori</span> <span class='ocrx_word' id='word_1_286' title='bbox 242 3193 342 3274; x_wconf 75' lang='grc' dir='ltr'><em>γέγονε</em></span> <span class='ocrx_word' id='word_1_287' title='bbox 364 3191 422 3274; x_wconf 76' lang='grc' dir='ltr'>γὰρ</span> <span class='ocrx_word' id='word_1_288' title='bbox 445 3192 481 3256; x_wconf 80' lang='grc' dir='ltr'>τὸ</span> <span class='ocrx_word' id='word_1_289' title='bbox 499 3192 675 3272; x_wconf 70' lang='grc' dir='ltr'>σάββατον]</span> <span class='ocrx_word' id='word_1_290' title='bbox 720 3198 788 3254; x_wconf 82' lang='lat' dir='ltr'>Huic</span> <span class='ocrx_word' id='word_1_291' title='bbox 818 3199 896 3255; x_wconf 87' lang='lat' dir='ltr'>affine</span> <span class='ocrx_word' id='word_1_292' title='bbox 925 3206 966 3253; x_wconf 88' lang='lat' dir='ltr'>est</span> <span class='ocrx_word' id='word_1_293' title='bbox 989 3194 1118 3271; x_wconf 85' lang='lat' dir='ltr'>quodli.</span> <span class='ocrx_word' id='word_1_294' title='bbox 1158 3230 1163 3240; x_wconf 88' lang='lat'><strong>·</strong></span> 
     </span>
     <span class='ocr_line' id='line_1_35' title="bbox 96 3280 1119 3353; baseline -0.007 -12"><span class='ocrx_word' id='word_1_295' title='bbox 96 3283 173 3341; x_wconf 80' lang='lat' dir='ltr'>diosc</span> <span class='ocrx_word' id='word_1_296' title='bbox 194 3283 245 3339; x_wconf 90' lang='lat' dir='ltr'>ben</span> <span class='ocrx_word' id='word_1_297' title='bbox 261 3284 375 3340; x_wconf 81' lang='lat' dir='ltr'>iiaimon</span> <span class='ocrx_word' id='word_1_298' title='bbox 394 3284 475 3340; x_wconf 89' lang='lat' dir='ltr'>Parte</span> <span class='ocrx_word' id='word_1_299' title='bbox 495 3289 505 3341; x_wconf 85' lang='lat' dir='ltr'>t</span> <span class='ocrx_word' id='word_1_300' title='bbox 529 3285 582 3339; x_wconf 82' lang='lat' dir='ltr'>lad.</span> <span class='ocrx_word' id='word_1_301' title='bbox 600 3284 688 3341; x_wconf 82' lang='lat' dir='ltr'>Tract.</span> <span class='ocrx_word' id='word_1_302' title='bbox 705 3284 738 3339; x_wconf 91' lang='lat' dir='ltr'>de</span> <span class='ocrx_word' id='word_1_303' title='bbox 754 3282 907 3339; x_wconf 85' lang='lat' dir='ltr'>Sabbator.</span> <span class='ocrx_word' id='word_1_304' title='bbox 919 3284 935 3339; x_wconf 85' lang='lat'><strong>2</strong></span> <span class='ocrx_word' id='word_1_305' title='bbox 953 3284 980 3353; x_wconf 63' lang='lat' dir='ltr'>p</span> <span class='ocrx_word' id='word_1_306' title='bbox 990 3284 1007 3340; x_wconf 81' lang='lat'>3</span> <span class='ocrx_word' id='word_1_307' title='bbox 1024 3280 1119 3351; x_wconf 64' lang='lat' dir='ltr'>scribit</span> 
     </span>
     <span class='ocr_line' id='line_1_36' title="bbox 97 3362 1119 3445; baseline -0.003 -17"><span class='ocrx_word' id='word_1_308' title='bbox 97 3383 177 3428; x_wconf 69' lang='lat' dir='ltr'>noni</span> <span class='ocrx_word' id='word_1_309' title='bbox 203 3384 305 3428; x_wconf 59' lang='lat' dir='ltr'>oreon</span> <span class='ocrx_word' id='word_1_310' title='bbox 330 3367 394 3428; x_wconf 60' lang='lat' dir='ltr'>nin</span> <span class='ocrx_word' id='word_1_311' title='bbox 409 3365 504 3428; x_wconf 71' lang='lat' dir='ltr'>ebir-2</span> <span class='ocrx_word' id='word_1_312' title='bbox 522 3385 606 3442; x_wconf 72' lang='lat' dir='ltr'>:inps</span> <span class='ocrx_word' id='word_1_313' title='bbox 624 3381 735 3427; x_wconf 64' lang='lat' dir='ltr'>rana-nn</span> <span class='ocrx_word' id='word_1_314' title='bbox 751 3380 860 3428; x_wconf 77' lang='lat' dir='ltr'>annun</span> <span class='ocrx_word' id='word_1_315' title='bbox 876 3381 953 3445; x_wconf 65' lang='lat' dir='ltr'>putu</span> <span class='ocrx_word' id='word_1_316' title='bbox 969 3362 1052 3444; x_wconf 70' lang='lat' dir='ltr'>nnub</span> <span class='ocrx_word' id='word_1_317' title='bbox 1069 3376 1119 3443; x_wconf 66' lang='lat' dir='ltr'>nni</span> 
     </span>
     <span class='ocr_line' id='line_1_37' title="bbox 97 3451 1120 3526; baseline -0.001 -12"><span class='ocrx_word' id='word_1_318' title='bbox 97 3451 193 3515; x_wconf 54' lang='lat' dir='ltr'>ubine</span> <span class='ocrx_word' id='word_1_319' title='bbox 218 3452 426 3517; x_wconf 55' lang='lat' dir='ltr'>etimnddcce,</span> <span class='ocrx_word' id='word_1_320' title='bbox 451 3454 546 3526; x_wconf 90' lang='lat' dir='ltr'>inquit,</span> <span class='ocrx_word' id='word_1_321' title='bbox 567 3454 700 3517; x_wconf 74' lang='lat' dir='ltr'>didicisti,</span> <span class='ocrx_word' id='word_1_322' title='bbox 724 3453 824 3523; x_wconf 66' lang='lat' dir='ltr'>Lenem</span> <span class='ocrx_word' id='word_1_323' title='bbox 845 3451 1120 3523; x_wconf 66' lang='lat' dir='ltr'>nunquam-omnim.</span> 
     </span>
     <span class='ocr_line' id='line_1_38' title="bbox 99 3536 1120 3609; baseline -0.004 -13"><span class='ocrx_word' id='word_1_324' title='bbox 99 3540 240 3596; x_wconf 75' lang='lat' dir='ltr'>mortem</span> <span class='ocrx_word' id='word_1_325' title='bbox 261 3547 287 3594; x_wconf 90' lang='lat' dir='ltr'>et</span> <span class='ocrx_word' id='word_1_326' title='bbox 309 3539 492 3594; x_wconf 79' lang='lat' dir='ltr'>inhumanam</span> <span class='ocrx_word' id='word_1_327' title='bbox 514 3554 587 3603; x_wconf 80' lang='lat' dir='ltr'>ecoe,</span> <span class='ocrx_word' id='word_1_328' title='bbox 609 3541 660 3594; x_wconf 82' lang='lat' dir='ltr'>aed</span> <span class='ocrx_word' id='word_1_329' title='bbox 679 3538 904 3602; x_wconf 79' lang='lat' dir='ltr'>misericordiae,</span> <span class='ocrx_word' id='word_1_330' title='bbox 936 3536 1120 3609; x_wconf 54' lang='lat' dir='ltr'>dementiore</span> 
     </span>
     <span class='ocr_line' id='line_1_39' title="bbox 99 3622 1119 3701; baseline -0.001 -21"><span class='ocrx_word' id='word_1_331' title='bbox 99 3641 133 3680; x_wconf 82' lang='lat' dir='ltr'>oe</span> <span class='ocrx_word' id='word_1_332' title='bbox 154 3625 236 3699; x_wconf 79' lang='lat' dir='ltr'>pacis</span> <span class='ocrx_word' id='word_1_333' title='bbox 255 3624 459 3697; x_wconf 77' lang='lat' dir='ltr'>plenissimam.</span> <span class='ocrx_word' id='word_1_334' title='bbox 489 3622 661 3681; x_wconf 84' lang='lat' dir='ltr'>DeSabbato</span> <span class='ocrx_word' id='word_1_335' title='bbox 684 3640 747 3679; x_wconf 86' lang='lat' dir='ltr'>uero</span> <span class='ocrx_word' id='word_1_336' title='bbox 769 3622 900 3701; x_wconf 77' lang='lat' dir='ltr'>loquitur,</span> <span class='ocrx_word' id='word_1_337' title='bbox 923 3622 1005 3696; x_wconf 87' lang='lat' dir='ltr'>quod.</span> <span class='ocrx_word' id='word_1_338' title='bbox 1019 3634 1119 3698; x_wconf 61' lang='lat' dir='ltr'>ceput</span> 
     </span>
     <span class='ocr_line' id='line_1_40' title="bbox 914 3719 966 3771; baseline 0.058 -3"><span class='ocrx_word' id='word_1_339' title='bbox 914 3719 966 3771; x_wconf 81' lang='lat' dir='ltr'>tt*</span> 
     </span>
    </p>
   </div>
   <div class='ocr_carea' id='block_1_3' title="bbox 0 0 1286 4154">
    <p class='ocr_par' dir='ltr' id='par_1_6' title="bbox 0 0 1286 4154">
     <span class='ocr_line' id='line_1_41' title="bbox 0 0 1286 4154; baseline 0 0"><span class='ocrx_word' id='word_1_340' title='bbox 0 0 1286 4154; x_wconf 95' lang='lat' dir='ltr'> </span> 
     </span>
    </p>
   </div>
  </div>
 </body>
</html>
