2534 4154
136 271 225 341 ‚3121
534 337 537 342 ,
613 250 740 332 ΡΕτΑνπ
811 303 817 315 -»

158 450 224 506 erat,
247 439 379 497 stationes
400 437 530 497 llominiei
551 437 674 510 eorporis
696 437 887 494 communione
907 435 1026 500 dissolri,
1050 435 1180 508 quoniam

157 525 286 600 quioquid
307 523 336 581 in
357 524 453 583 eastris
475 522 588 586 aecidat,
610 522 665 578 sive
681 538 852 594 prosperum,
876 521 931 576 sive
945 521 1036 585 trister·
1052 520 1178 589 militaris

158 609 333 672 nihilomiuus
362 608 442 665 statio
465 615 629 680 perseverat
671 607 816 678 Perperam
838 606 923 679 igitur
943 603 1089 662 Rhenanus
1111 606 1179 661 haee

158 695 324 770 posteriora:
348 694 443 765 otique
464 693 547 749 nollo
568 692 689 761 laetitio,
711 693 770 747 stae
791 693 986 760 instillarem.
1003 690 1080 747 velut
1097 707 1181 746 raus

159 797 216 845 sam
238 778 336 844 attrdit,
361 795 410 836 our
426 777 639 833 Christianorum
662 777 781 833 station
803 775 911 832 militari
931 791 1032 853 nomeu
1053 775 1180 848 accepis-

159 873 211 931 set.
242 864 300 933 Quo
324 862 419 918 eodem
442 879 535 926 errore
557 861 692 936 Pamelius
713 861 747 917 ad
768 861 816 917 lib.
839 861 872 916 de
896 860 1001 917 Corona
1016 859 1070 916 llil.
1093 876 1118 916 o.
1132 863 1177 918 11.

160 949 309 1017 Stationem
331 947 396 1005 dicit
416 962 466 1019 per
487 947 674 1019 metaphoram
697 963 711 1003 a
733 944 893 1003 militaribus
911 943 1079 1001 ,stationibus
1094 961 1179 1000 usur·

159 1033 233 1108 pari,
261 1033 337 1104 quod
363 1032 490 1104 qnandiu
516 1033 547 1087 in
568 1032 689 1087 stota'ooe
711 1032 812 1086 matites
834 1038 932 1099 erant,
960 1030 1092 1085 ieiunare
1112 1030 1177 1085 attor

160 1119 314 1190 oportebat
345 1116 423 1186 Quod
445 1133 510 1172 sane
531 1115 673 1172 ridieulum
696 1124 747 1171 est.
777 1115 871 1189 Neque
892 1131 956 1170 vero
979 1113 1071 1170 tandiu
1093 1113 1179 1170 lame

159 1202 226 1258 lieos
256 1219 317 1258 esse
345 1201 533 1274 praesidiarios
561 1200 621 1256 illos
650 1210 678 1256 et
706 1199 906 1263 excubitores„
922 1199 1059 1255 exereitus
1090 1199 1177 1270 ipsius

160 1296 242 1360 atque
264 1286 437 1360 Imperatoris
466 1285 599 1342 interfuit.
643 1284 698 1341 Sed
720 1301 771 1340 nee
792 1301 808 1340 a
830 1284 908 1341 statis
930 1283 1099 1356 temporibus
1121 1292 1181 1339 sta·

161 1372 248 1440 tiones
272 1371 425 1438 nominatae
448 1370 580 1435 videntur,
604 1369 653 1426 sed
675 1369 708 1427 ab
730 1370 788 1443 ipsa
809 1369 961 1433 assistendi,
986 1369 1039 1424 hoo
1052 1376 1096 1423 est
1112 1384 1181 1425 eon·

79 1494 82 1501 .
161 1456 283 1523 veniendi
306 1455 544 1527 commorandique
567 1455 720 1518 iunctione,
748 1455 821 1526 quod
843 1453 914 1509 ultra
935 1453 1086 1526 legitimum
1109 1452 1181 1525 Syn·

160 1559 246 1598 aneon
269 1549 385 1614 tempus,
408 1539 532 1596 videlieet
552 1540 724 1604 matutinum,
747 1539 868 1595 Divinum
892 1538 1010 1595 officium
1030 1537 1180 1593 aduenam
1197 1563 1201 1571 ¹

160 1642 248 1699 usque
276 1626 460 1699 producerent
487 1633 516 1680 et
543 1624 728 1681 diuturniores
754 1624 781 1679 in
803 1623 923 1683 lleolesia
944 1639 1034 1678 moras
1057 1629 1180 1695 agerent.

160 1711 240 1785 Apud
253 1709 415 1783 Cypriorum
430 1709 515 1781 Epist.
531 1713 568 1767 41
594 1709 627 1764 ad
643 1709 798 1766 Cornelium
813 1709 912 1781 Papam
934 1707 1058 1763 stationis
1081 1723 1181 1763 noureu

163 1804 217 1851 tam
244 1795 279 1849 de
307 1801 441 1851 conventu
474 1794 533 1866 ipso
563 1795 699 1866 quamde
722 1803 846 1867 tempore
867 1809 898 1850 ae
919 1793 962 1847 die
984 1800 1077 1864 potest
1099 1791 1182 1847 intel-

161 1878 222 1951 ligi,
251 1895 313 1935 eum
341 1878 374 1934 de
395 1878 533 1935 Novatiani
553 1878 656 1950 legatis
685 1879 849 1942 inlinitum
875 1877 965 1933 missis
992 1893 1093 1950 agens:
1126 1876 1182 1944 Qut

162 1979 223 2018 cum
244 1963 275 2017 io
296 1963 434 2029 statione„
448 1962 546 2034 iuquit,
571 1963 719 2021 inuidiosis
741 1979 850 2035 qnoque
872 1962 1055 2027 ooooioa'met
1076 1963 1182 2017 elumo-

161 2048 240 2104 rilrus
262 2047 428 2103 turbulentis
446 2054 621 2118 proruerent
643 2054 695 2102 ete.

248 2130 428 2199 Quamobrem
450 2131 581 2187 stationes
604 2147 658 2187 nou
681 2131 780 2186 ieiunia
802 2131 859 2204 ipsa
882 2139 963 2196 suut,
986 2130 1035 2187 sed
1056 2148 1120 2188 eum
1142 2131 1182 2186 ie-

163 2216 242 2275 iuniis
265 2217 419 2275 coniuncta.
444 2216 608 2288 >Quanquam
623 2215 730 2288 ,duplex
751 2216 913 2272 ieiuniorum
936 2232 1022 2289 genus
1045 2217 1118 2289 apud
1132 2232 1182 2271 ao·

163 2301 253 2374 thuos
276 2301 334 2357 luit.
365 2301 430 2359 Nam
452 2300 524 2357 aliud
547 2300 706 2372 exquisitius
728 2310 801 2366 erat,
825 2301 899 2372 quod
921 2300 1037 2373 lougius,
1064 2301 1182 2356 honest

163 2386 196 2442 ad
217 2403 357 2459 vesperam
379 2402 467 2459 usque
490 2385 698 2458 prorogabatun
724 2386 763 2442 uti
786 2385 1017 2459 quadragesimale
1038 2385 1180 2442 Ieiunium.
1218 2450 1220 2454 ,

162 2470 328 2544 Epiphanius
350 2470 422 2527 euim
443 2471 527 2535 inira,
557 2471 652 2527 eodem
675 2471 727 2527 isto
756 2472 859 2544 capite,
888 2471 1006 2543 Syoexes
1029 2472 1183 2542 quadrage·

164 2555 271 2612 simales
294 2555 327 2611 ab
349 2557 418 2612 hora
439 2572 511 2612 noua
533 2557 566 2617 ad
589 2572 728 2628 vesperam
752 2573 838 2630 usque
860 2555 991 2612 celebrari
1004 2554 1182 2618 dooeaante

164 2657 230 2711 quas
247 2640 364 2713 Synsnes
385 2640 484 2699 ieiunia
506 2640 616 2697 minime
639 2640 822 2697 solvebantur.
850 2640 931 2696 Aliud
952 2649 1010 2697 erat
1032 2640 1114 2713 poulo
1136 2656 1184 2697 re-

163 2723 272 2779 missius
294 2741 325 2779 ae
348 2724 464 2789 brevius,
488 2725 560 2798 quod
583 2725 617 2781 ad
638 2742 737 2781 nonam
752 2725 887 2783 ¹duntanat
901 2725 1109 2797 produceretur,
1132 2741 1183 2781 ou·-

164 2807 281 2863 iusmodi
308 2808 391 2869 leriae
419 2817 532 2882 quartae
560 2819 707 2881 sextaeque
728 2809 859 2867 ieiunium
881 2810 1001 2866 extitisse
1024 2810 1096 2866 idem
1117 2809 1185 2883 npt-

163 2891 281 2966 phanius
309 2893 419 2949 asserit:
448 2885 571 2968 τετράδι
594 2889 628 2951 δὲ
642 2889 700 2949 ,καὶ
721 2889 754 2950 ἐν
775 2885 985 2972 προσαββάτῳ
1008 2889 1039 2950 ἓν
1061 2890 1184 2976 νηστείᾳ

165 2969 221 3043 ἕως
243 2966 327 3054 ὥρας
348 2967 465 3051 ἐνάτης.
505 2977 573 3033 Hine
595 2988 646 3042 est,
673 2978 756 3052 quod,
780 2987 810 3035 ut
832 2996 865 3035 ex
887 2979 1051 3036 Tertulliano
1075 2979 1186 3052 perspi·

130 3119 133 3134 ,
164 3079 246 3126 ouum
269 3071 319 3130 est,
343 3062 474 3119 stationes
489 3078 551 3119 ‚non
574 3063 645 3119 ultra
666 3079 765 3119 nouam
787 3063 1007 3121 extenderentur.
1049 3064 1185 3132 Quone-

166 3147 238 3203 mine
261 3164 276 3204 a
299 3146 452 3211 Catholicis,
476 3163 545 3220 quos
568 3147 713 3220 Psychieos
728 3148 862 3220 appellat,
886 3148 1066 3207 llootanistae
1086 3167 1184 3222 repre-

165 3231 245 3302 hensi
265 3240 338 3298 sunt,
361 3249 411 3306 pro
435 3248 473 3288 eo.
490 3231 564 3304 quod
586 3232 717 3288 stationes
738 3249 803 3289 suas
817 3233 849 3288 ad
864 3250 1003 3307 vesperam
1018 3235 1183 3306 proferrent.

165 3315 322 3380 Tertulliani
337 3315 430 3373 ..verba
452 3325 522 3377 ‚suut
547 3315 596 3375 lib.
626 3316 660 3373 de
686 3317 795 3373 Ieiuniis
825 3327 920 3375 eontra
948 3318 1062 3391 Psyche
1090 3318 1185 3391 Aequa

164 3402 300 3467 stationae
321 3410 444 3466 nostros,
466 3410 497 3457 nt
511 3402 659 3474 a'ndipona,
683 3405 821 3473 quosdam
842 3420 908 3459 aero
924 3411 950 3458 et
964 3405 1105 3461 tororum
1118 3421 1190 3459 rom

164 3486 278 3552 stitutus
306 3487 442 3543 novitatis
463 3489 574 3543 nomine
595 3488 744 3556 incusant,
773 3488 825 3543 hoe
847 3505 956 3560 quoque
978 3505 1079 3545 muner
1101 3497 1128 3544 et
1149 3502 1186 3545 en

167 3570 285 3626 arbitrio
308 3573 465 3628 obeundum
480 3588 544 3629 ease
567 3574 688 3629 disemos
710 3580 736 3628 et
757 3591 814 3637 oon
835 3576 912 3631 ultro
931 3591 1038 3630 nonam
1059 3576 1187 3633 deam
