<?xml version="1.0" encoding="UTF-8"?>
<!DOCTYPE html PUBLIC "-//W3C//DTD XHTML 1.0 Transitional//EN"
    "http://www.w3.org/TR/xhtml1/DTD/xhtml1-transitional.dtd">
<html xmlns="http://www.w3.org/1999/xhtml" xml:lang="en" lang="en">
 <head>
  <title>
</title>
<meta http-equiv="Content-Type" content="text/html;charset=utf-8" />
  <meta name='ocr-system' content='tesseract 3.04.00' />
  <meta name='ocr-capabilities' content='ocr_page ocr_carea ocr_par ocr_line ocrx_word'/>
</head>
<body>
  <div class='ocr_page' id='page_1' title='image "./epiphaniiepisco00epipgoog_0170.png"; bbox 0 0 2534 4154; ppageno 0'>
   <div class='ocr_carea' id='block_1_1' title="bbox 470 301 1127 371">
    <p class='ocr_par' dir='ltr' id='par_1_1' title="bbox 470 301 1127 371">
     <span class='ocr_line' id='line_1_1' title="bbox 470 301 1127 371; baseline 0.003 -9"><span class='ocrx_word' id='word_1_1' title='bbox 470 312 760 365; x_wconf 79' lang='lat' dir='ltr'>imusmcnstoncs.</span> <span class='ocrx_word' id='word_1_2' title='bbox 869 366 872 371; x_wconf 70' lang='grc'>,</span> <span class='ocrx_word' id='word_1_3' title='bbox 1088 301 1127 364; x_wconf 82' lang='grc'>19</span> 
     </span>
    </p>
   </div>
   <div class='ocr_carea' id='block_1_2' title="bbox 81 451 1200 3683">
    <p class='ocr_par' dir='ltr' id='par_1_2' title="bbox 90 451 1127 1971">
     <span class='ocr_line' id='line_1_2' title="bbox 107 451 1126 542; baseline -0.003 -12"><span class='ocrx_word' id='word_1_4' title='bbox 107 479 216 535; x_wconf 90' lang='lat' dir='ltr'>essent,</span> <span class='ocrx_word' id='word_1_5' title='bbox 248 478 276 526; x_wconf 89' lang='lat' dir='ltr'>et</span> <span class='ocrx_word' id='word_1_6' title='bbox 303 468 471 525; x_wconf 75' lang='lat' dir='ltr'>haberentur</span> <span class='ocrx_word' id='word_1_7' title='bbox 499 451 676 532; x_wconf 80' lang='lat' dir='ltr'>sanctissimi;</span> <span class='ocrx_word' id='word_1_8' title='bbox 705 477 881 542; x_wconf 82' lang='lat' dir='ltr'><strong>posteaquam</strong></span> <span class='ocrx_word' id='word_1_9' title='bbox 904 479 1015 526; x_wconf 88' lang='lat' dir='ltr'>auctore</span> <span class='ocrx_word' id='word_1_10' title='bbox 1037 468 1126 527; x_wconf 81' lang='lat' dir='ltr'><strong>Marco</strong></span> 
     </span>
     <span class='ocr_line' id='line_1_3' title="bbox 108 554 1126 628; baseline -0.001 -15"><span class='ocrx_word' id='word_1_11' title='bbox 108 555 322 614; x_wconf 90' lang='lat' dir='ltr'>Christianorum</span> <span class='ocrx_word' id='word_1_12' title='bbox 357 570 445 626; x_wconf 87' lang='lat' dir='ltr'>genus</span> <span class='ocrx_word' id='word_1_13' title='bbox 479 554 580 619; x_wconf 76' lang='lat' dir='ltr'>extitit,</span> <span class='ocrx_word' id='word_1_14' title='bbox 614 571 731 628; x_wconf 90' lang='lat' dir='ltr'>quorum</span> <span class='ocrx_word' id='word_1_15' title='bbox 760 555 827 611; x_wconf 90' lang='lat' dir='ltr'>vitae</span> <span class='ocrx_word' id='word_1_16' title='bbox 856 555 924 610; x_wconf 88' lang='lat' dir='ltr'>ratio</span> <span class='ocrx_word' id='word_1_17' title='bbox 953 554 1046 627; x_wconf 90' lang='lat' dir='ltr'>primis</span> <span class='ocrx_word' id='word_1_18' title='bbox 1075 555 1126 612; x_wconf 93' lang='lat' dir='ltr'>illis</span> 
     </span>
     <span class='ocr_line' id='line_1_4' title="bbox 108 638 1124 716; baseline -0.004 -17"><span class='ocrx_word' id='word_1_19' title='bbox 108 639 277 716; x_wconf 76' lang='lat' dir='ltr'><strong>temporibus</strong></span> <span class='ocrx_word' id='word_1_20' title='bbox 307 655 368 694; x_wconf 91' lang='lat' dir='ltr'>cum</span> <span class='ocrx_word' id='word_1_21' title='bbox 390 639 557 694; x_wconf 84' lang='lat' dir='ltr'>Essenorum</span> <span class='ocrx_word' id='word_1_22' title='bbox 585 638 724 712; x_wconf 82' lang='lat' dir='ltr'>disciplina</span> <span class='ocrx_word' id='word_1_23' title='bbox 753 656 919 712; x_wconf 78' lang='lat' dir='ltr'>magnopere</span> <span class='ocrx_word' id='word_1_24' title='bbox 949 639 1124 714; x_wconf 78' lang='lat' dir='ltr'>congruebat,</span> 
     </span>
     <span class='ocr_line' id='line_1_5' title="bbox 90 723 1127 804; baseline -0.003 -20"><span class='ocrx_word' id='word_1_25' title='bbox 90 727 139 804; x_wconf 78' lang='lat' dir='ltr'>ab</span> <span class='ocrx_word' id='word_1_26' title='bbox 160 724 347 782; x_wconf 85' lang='lat' dir='ltr'>Alexandrinis</span> <span class='ocrx_word' id='word_1_27' title='bbox 376 723 526 779; x_wconf 86' lang='lat' dir='ltr'>Gentilibus</span> <span class='ocrx_word' id='word_1_28' title='bbox 548 723 644 780; x_wconf 84' lang='lat' dir='ltr'>Esseni</span> <span class='ocrx_word' id='word_1_29' title='bbox 674 724 728 780; x_wconf 93' lang='lat' dir='ltr'>sint</span> <span class='ocrx_word' id='word_1_30' title='bbox 754 724 850 781; x_wconf 91' lang='lat' dir='ltr'>vocati.</span> <span class='ocrx_word' id='word_1_31' title='bbox 897 725 971 793; x_wconf 85' lang='lat' dir='ltr'>Quos</span> <span class='ocrx_word' id='word_1_32' title='bbox 1001 725 1072 781; x_wconf 91' lang='lat' dir='ltr'>enim</span> <span class='ocrx_word' id='word_1_33' title='bbox 1100 734 1127 781; x_wconf 90' lang='lat' dir='ltr'>et</span> 
     </span>
     <span class='ocr_line' id='line_1_6' title="bbox 106 808 1127 881; baseline -0.003 -12"><span class='ocrx_word' id='word_1_34' title='bbox 106 814 235 875; x_wconf 89' lang='lat' dir='ltr'>ludaeos,</span> <span class='ocrx_word' id='word_1_35' title='bbox 266 818 332 865; x_wconf 90' lang='lat' dir='ltr'>tunc</span> <span class='ocrx_word' id='word_1_36' title='bbox 354 809 478 881; x_wconf 89' lang='lat' dir='ltr'>quidem,</span> <span class='ocrx_word' id='word_1_37' title='bbox 506 825 600 864; x_wconf 91' lang='lat' dir='ltr'>omnes</span> <span class='ocrx_word' id='word_1_38' title='bbox 622 808 744 865; x_wconf 87' lang='lat' dir='ltr'>viderent</span> <span class='ocrx_word' id='word_1_39' title='bbox 766 817 794 865; x_wconf 91' lang='lat' dir='ltr'>et</span> <span class='ocrx_word' id='word_1_40' title='bbox 815 809 980 867; x_wconf 82' lang='lat' dir='ltr'>Essenorum</span> <span class='ocrx_word' id='word_1_41' title='bbox 1003 827 1127 866; x_wconf 92' lang='lat' dir='ltr'>commu-</span> 
     </span>
     <span class='ocr_line' id='line_1_7' title="bbox 107 892 1126 965; baseline -0.001 -12"><span class='ocrx_word' id='word_1_42' title='bbox 107 915 167 954; x_wconf 89' lang='lat' dir='ltr'>nem</span> <span class='ocrx_word' id='word_1_43' title='bbox 197 895 268 950; x_wconf 88' lang='lat' dir='ltr'>illam</span> <span class='ocrx_word' id='word_1_44' title='bbox 298 894 366 949; x_wconf 92' lang='lat' dir='ltr'>vitae</span> <span class='ocrx_word' id='word_1_45' title='bbox 394 894 541 958; x_wconf 89' lang='lat' dir='ltr'>rationem,</span> <span class='ocrx_word' id='word_1_46' title='bbox 570 902 651 965; x_wconf 89' lang='lat' dir='ltr'>atque</span> <span class='ocrx_word' id='word_1_47' title='bbox 680 892 712 948; x_wconf 93' lang='lat' dir='ltr'>ab</span> <span class='ocrx_word' id='word_1_48' title='bbox 743 894 817 950; x_wconf 90' lang='lat' dir='ltr'>omni</span> <span class='ocrx_word' id='word_1_49' title='bbox 844 894 908 950; x_wconf 83' lang='lat' dir='ltr'>luxu</span> <span class='ocrx_word' id='word_1_50' title='bbox 931 903 958 950; x_wconf 90' lang='lat' dir='ltr'>et</span> <span class='ocrx_word' id='word_1_51' title='bbox 980 895 1126 951; x_wconf 78' lang='lat' dir='ltr'>ambitione</span> 
     </span>
     <span class='ocr_line' id='line_1_8' title="bbox 106 978 1126 1054; baseline -0.002 -16"><span class='ocrx_word' id='word_1_52' title='bbox 106 990 239 1039; x_wconf 89' lang='lat' dir='ltr'>remotam</span> <span class='ocrx_word' id='word_1_53' title='bbox 263 978 475 1051; x_wconf 84' lang='lat' dir='ltr'>complectentes</span> <span class='ocrx_word' id='word_1_54' title='bbox 498 987 642 1034; x_wconf 90' lang='lat' dir='ltr'>cernerent</span> <span class='ocrx_word' id='word_1_55' title='bbox 665 995 726 1033; x_wconf 92' lang='lat' dir='ltr'>cum</span> <span class='ocrx_word' id='word_1_56' title='bbox 749 987 776 1034; x_wconf 90' lang='lat' dir='ltr'>et</span> <span class='ocrx_word' id='word_1_57' title='bbox 799 978 898 1051; x_wconf 88' lang='lat' dir='ltr'>alioqui</span> <span class='ocrx_word' id='word_1_58' title='bbox 914 997 946 1054; x_wconf 87' lang='lat' dir='ltr'>ex</span> <span class='ocrx_word' id='word_1_59' title='bbox 960 979 1126 1037; x_wconf 82' lang='lat' dir='ltr'>Essenorum</span> 
     </span>
     <span class='ocr_line' id='line_1_9' title="bbox 107 1063 1126 1138; baseline -0.002 -15"><span class='ocrx_word' id='word_1_60' title='bbox 107 1066 212 1123; x_wconf 81' lang='lat' dir='ltr'>ludrica</span> <span class='ocrx_word' id='word_1_61' title='bbox 234 1064 351 1120; x_wconf 84' lang='lat' dir='ltr'>factione</span> <span class='ocrx_word' id='word_1_62' title='bbox 374 1063 496 1136; x_wconf 86' lang='lat' dir='ltr'>plerique</span> <span class='ocrx_word' id='word_1_63' title='bbox 519 1081 548 1119; x_wconf 91' lang='lat' dir='ltr'>se</span> <span class='ocrx_word' id='word_1_64' title='bbox 571 1063 604 1118; x_wconf 91' lang='lat' dir='ltr'>ad</span> <span class='ocrx_word' id='word_1_65' title='bbox 621 1063 787 1119; x_wconf 79' lang='lat' dir='ltr'>Christianos</span> <span class='ocrx_word' id='word_1_66' title='bbox 803 1073 998 1138; x_wconf 79' lang='lat' dir='ltr'>aggregassent</span> <span class='ocrx_word' id='word_1_67' title='bbox 1005 1084 1013 1131; x_wconf 66' lang='lat'>,¹</span> <span class='ocrx_word' id='word_1_68' title='bbox 1036 1065 1126 1138; x_wconf 84' lang='lat' dir='ltr'>quotl-</span> 
     </span>
     <span class='ocr_line' id='line_1_10' title="bbox 106 1147 1126 1221; baseline -0.001 -15"><span class='ocrx_word' id='word_1_69' title='bbox 106 1169 166 1207; x_wconf 89' lang='lat' dir='ltr'>nam</span> <span class='ocrx_word' id='word_1_70' title='bbox 188 1151 221 1205; x_wconf 93' lang='lat' dir='ltr'>iis</span> <span class='ocrx_word' id='word_1_71' title='bbox 244 1149 315 1204; x_wconf 92' lang='lat' dir='ltr'>aliud</span> <span class='ocrx_word' id='word_1_72' title='bbox 337 1165 436 1204; x_wconf 89' lang='lat' dir='ltr'>nomen</span> <span class='ocrx_word' id='word_1_73' title='bbox 460 1165 540 1221; x_wconf 92' lang='lat' dir='ltr'>quam</span> <span class='ocrx_word' id='word_1_74' title='bbox 555 1148 718 1204; x_wconf 84' lang='lat' dir='ltr'>Nssaeorum</span> <span class='ocrx_word' id='word_1_75' title='bbox 740 1147 921 1221; x_wconf 74' lang='lat' dir='ltr'>attingerent?</span> <span class='ocrx_word' id='word_1_76' title='bbox 949 1148 1014 1205; x_wconf 91' lang='lat' dir='ltr'>Nam</span> <span class='ocrx_word' id='word_1_77' title='bbox 1038 1159 1065 1206; x_wconf 90' lang='lat' dir='ltr'>et</span> <span class='ocrx_word' id='word_1_78' title='bbox 1081 1150 1126 1205; x_wconf 93' lang='lat' dir='ltr'>diu</span> 
     </span>
     <span class='ocr_line' id='line_1_11' title="bbox 106 1233 1126 1310; baseline -0.001 -18"><span class='ocrx_word' id='word_1_79' title='bbox 106 1246 200 1310; x_wconf 90' lang='lat' dir='ltr'>postea</span> <span class='ocrx_word' id='word_1_80' title='bbox 224 1233 367 1290; x_wconf 83' lang='lat' dir='ltr'>Christiani</span> <span class='ocrx_word' id='word_1_81' title='bbox 397 1250 491 1289; x_wconf 89' lang='lat' dir='ltr'>omnes</span> <span class='ocrx_word' id='word_1_82' title='bbox 514 1251 527 1289; x_wconf 95' lang='grc'><strong>3</strong></span> <span class='ocrx_word' id='word_1_83' title='bbox 552 1233 659 1290; x_wconf 87' lang='lat' dir='ltr'>Graecis</span> <span class='ocrx_word' id='word_1_84' title='bbox 682 1250 712 1288; x_wconf 93' lang='lat' dir='ltr'>ac</span> <span class='ocrx_word' id='word_1_85' title='bbox 734 1233 860 1289; x_wconf 88' lang='lat' dir='ltr'>Romanis</span> <span class='ocrx_word' id='word_1_86' title='bbox 883 1234 974 1290; x_wconf 91' lang='lat' dir='ltr'>ludaei</span> <span class='ocrx_word' id='word_1_87' title='bbox 997 1235 1126 1291; x_wconf 89' lang='lat' dir='ltr'>nominati</span> 
     </span>
     <span class='ocr_line' id='line_1_12' title="bbox 107 1317 1126 1394; baseline -0.001 -17"><span class='ocrx_word' id='word_1_88' title='bbox 107 1330 133 1377; x_wconf 90' lang='lat' dir='ltr'>et</span> <span class='ocrx_word' id='word_1_89' title='bbox 159 1337 211 1394; x_wconf 95' lang='lat' dir='ltr'>pro</span> <span class='ocrx_word' id='word_1_90' title='bbox 234 1319 338 1375; x_wconf 88' lang='lat' dir='ltr'>ludaeis</span> <span class='ocrx_word' id='word_1_91' title='bbox 366 1318 451 1374; x_wconf 88' lang='lat' dir='ltr'>habiti</span> <span class='ocrx_word' id='word_1_92' title='bbox 479 1326 558 1374; x_wconf 90' lang='lat' dir='ltr'>sunt:</span> <span class='ocrx_word' id='word_1_93' title='bbox 588 1327 619 1374; x_wconf 88' lang='lat' dir='ltr'>ut</span> <span class='ocrx_word' id='word_1_94' title='bbox 647 1335 701 1374; x_wconf 88' lang='lat' dir='ltr'>non</span> <span class='ocrx_word' id='word_1_95' title='bbox 724 1317 872 1374; x_wconf 90' lang='lat' dir='ltr'>absurdum</span> <span class='ocrx_word' id='word_1_96' title='bbox 895 1319 931 1374; x_wconf 91' lang='lat' dir='ltr'>sit</span> <span class='ocrx_word' id='word_1_97' title='bbox 952 1317 1126 1376; x_wconf 91' lang='lat' dir='ltr'>Philonianos</span> 
     </span>
     <span class='ocr_line' id='line_1_13' title="bbox 107 1393 1127 1479; baseline -0.002 -18"><span class='ocrx_word' id='word_1_98' title='bbox 107 1407 165 1463; x_wconf 93' lang='lat' dir='ltr'>illos</span> <span class='ocrx_word' id='word_1_99' title='bbox 181 1405 297 1460; x_wconf 77' lang='lat' dir='ltr'>Nssaeos</span> <span class='ocrx_word' id='word_1_100' title='bbox 317 1393 529 1479; x_wconf 75' lang='grc' dir='ltr'><strong><em>Θεωρητικοὺς</em></strong></span> <span class='ocrx_word' id='word_1_101' title='bbox 552 1402 718 1459; x_wconf 85' lang='lat' dir='ltr'>Christianos</span> <span class='ocrx_word' id='word_1_102' title='bbox 741 1403 834 1459; x_wconf 85' lang='lat' dir='ltr'>luisse.</span> <span class='ocrx_word' id='word_1_103' title='bbox 875 1404 948 1472; x_wconf 75' lang='lat' dir='ltr'>Quae</span> <span class='ocrx_word' id='word_1_104' title='bbox 972 1414 1061 1460; x_wconf 91' lang='lat' dir='ltr'>autem</span> <span class='ocrx_word' id='word_1_105' title='bbox 1078 1404 1127 1459; x_wconf 93' lang='lat' dir='ltr'>ad-</span> 
     </span>
     <span class='ocr_line' id='line_1_14' title="bbox 107 1485 1126 1561; baseline 0 -17"><span class='ocrx_word' id='word_1_106' title='bbox 107 1485 212 1548; x_wconf 76' lang='lat' dir='ltr'>versus&#39;</span> <span class='ocrx_word' id='word_1_107' title='bbox 229 1505 258 1544; x_wconf 91' lang='lat' dir='ltr'>ea</span> <span class='ocrx_word' id='word_1_108' title='bbox 287 1505 385 1561; x_wconf 85' lang='lat' dir='ltr'>magno</span> <span class='ocrx_word' id='word_1_109' title='bbox 409 1505 470 1544; x_wconf 89' lang='lat' dir='ltr'>cum</span> <span class='ocrx_word' id='word_1_110' title='bbox 493 1489 610 1561; x_wconf 89' lang='lat' dir='ltr'>strepitu</span> <span class='ocrx_word' id='word_1_111' title='bbox 632 1505 663 1544; x_wconf 91' lang='lat' dir='ltr'>ac</span> <span class='ocrx_word' id='word_1_112' title='bbox 685 1489 825 1544; x_wconf 82' lang='lat' dir='ltr'>stomacho</span> <span class='ocrx_word' id='word_1_113' title='bbox 849 1488 1035 1561; x_wconf 83' lang='lat' dir='ltr'>disputantur,</span> <span class='ocrx_word' id='word_1_114' title='bbox 1065 1506 1126 1544; x_wconf 89' lang='lat' dir='ltr'>cnm</span> 
     </span>
     <span class='ocr_line' id='line_1_15' title="bbox 107 1573 1126 1648; baseline 0 -18"><span class='ocrx_word' id='word_1_115' title='bbox 107 1587 150 1632; x_wconf 92' lang='lat' dir='ltr'>aut</span> <span class='ocrx_word' id='word_1_116' title='bbox 172 1574 240 1630; x_wconf 91' lang='lat' dir='ltr'>levia</span> <span class='ocrx_word' id='word_1_117' title='bbox 263 1573 333 1638; x_wconf 88' lang='lat' dir='ltr'>sint,</span> <span class='ocrx_word' id='word_1_118' title='bbox 357 1582 403 1629; x_wconf 91' lang='lat' dir='ltr'>aut</span> <span class='ocrx_word' id='word_1_119' title='bbox 425 1573 501 1628; x_wconf 82' lang='lat' dir='ltr'>facile</span> <span class='ocrx_word' id='word_1_120' title='bbox 524 1573 632 1629; x_wconf 91' lang='lat' dir='ltr'>dissolvi</span> <span class='ocrx_word' id='word_1_121' title='bbox 655 1575 775 1646; x_wconf 89' lang='lat' dir='ltr'>possint,</span> <span class='ocrx_word' id='word_1_122' title='bbox 800 1573 866 1629; x_wconf 89' lang='lat' dir='ltr'>nihil</span> <span class='ocrx_word' id='word_1_123' title='bbox 890 1574 956 1638; x_wconf 92' lang='lat' dir='ltr'>erit,</span> <span class='ocrx_word' id='word_1_124' title='bbox 981 1574 1054 1648; x_wconf 92' lang='lat' dir='ltr'>quod</span> <span class='ocrx_word' id='word_1_125' title='bbox 1076 1591 1126 1630; x_wconf 89' lang='lat' dir='ltr'>nos</span> 
     </span>
     <span class='ocr_line' id='line_1_16' title="bbox 107 1658 1125 1730; baseline 0 -16"><span class='ocrx_word' id='word_1_126' title='bbox 107 1659 303 1717; x_wconf 90' lang='lat' dir='ltr'>vetustissimae</span> <span class='ocrx_word' id='word_1_127' title='bbox 332 1659 402 1714; x_wconf 94' lang='lat' dir='ltr'>illius</span> <span class='ocrx_word' id='word_1_128' title='bbox 433 1658 568 1730; x_wconf 91' lang='lat' dir='ltr'>opinionis</span> <span class='ocrx_word' id='word_1_129' title='bbox 597 1675 628 1714; x_wconf 88' lang='lat' dir='ltr'>ac</span> <span class='ocrx_word' id='word_1_130' title='bbox 656 1667 793 1714; x_wconf 90' lang='lat' dir='ltr'>tantorum</span> <span class='ocrx_word' id='word_1_131' title='bbox 815 1659 925 1714; x_wconf 86' lang='lat' dir='ltr'>Petrum</span> <span class='ocrx_word' id='word_1_132' title='bbox 954 1659 1125 1715; x_wconf 90' lang='lat' dir='ltr'>authoritatis</span> 
     </span>
     <span class='ocr_line' id='line_1_17' title="bbox 108 1743 1127 1817; baseline -0.003 -16"><span class='ocrx_word' id='word_1_133' title='bbox 108 1754 132 1801; x_wconf 90' lang='lat' dir='ltr'>et</span> <span class='ocrx_word' id='word_1_134' title='bbox 154 1743 343 1801; x_wconf 87' lang='lat' dir='ltr'>consensionis</span> <span class='ocrx_word' id='word_1_135' title='bbox 365 1743 512 1816; x_wconf 89' lang='lat' dir='ltr'>poeniteat.</span> <span class='ocrx_word' id='word_1_136' title='bbox 558 1743 622 1798; x_wconf 90' lang='lat' dir='ltr'>Vide</span> <span class='ocrx_word' id='word_1_137' title='bbox 644 1760 714 1817; x_wconf 92' lang='lat' dir='ltr'>quae</span> <span class='ocrx_word' id='word_1_138' title='bbox 736 1744 769 1799; x_wconf 90' lang='lat' dir='ltr'>de</span> <span class='ocrx_word' id='word_1_139' title='bbox 792 1744 834 1799; x_wconf 91' lang='lat' dir='ltr'>his</span> <span class='ocrx_word' id='word_1_140' title='bbox 858 1744 1038 1800; x_wconf 89' lang='lat' dir='ltr'>eruditissime</span> <span class='ocrx_word' id='word_1_141' title='bbox 1061 1745 1127 1800; x_wconf 89' lang='lat' dir='ltr'>Ser-</span> 
     </span>
     <span class='ocr_line' id='line_1_18' title="bbox 106 1827 1125 1902; baseline -0.003 -16"><span class='ocrx_word' id='word_1_142' title='bbox 106 1831 191 1886; x_wconf 89' lang='lat' dir='ltr'>rarius</span> <span class='ocrx_word' id='word_1_143' title='bbox 220 1837 315 1884; x_wconf 90' lang='lat' dir='ltr'>noster</span> <span class='ocrx_word' id='word_1_144' title='bbox 343 1829 396 1885; x_wconf 86' lang='lat' dir='ltr'>l.3</span> <span class='ocrx_word' id='word_1_145' title='bbox 426 1827 587 1883; x_wconf 77' lang='lat' dir='ltr'>l&#39;rihaeresii</span> <span class='ocrx_word' id='word_1_146' title='bbox 616 1829 743 1884; x_wconf 92' lang='lat' dir='ltr'>adversus</span> <span class='ocrx_word' id='word_1_147' title='bbox 766 1828 932 1902; x_wconf 80' lang='lat' dir='ltr'>scaligerum</span> <span class='ocrx_word' id='word_1_148' title='bbox 962 1847 992 1885; x_wconf 89' lang='lat' dir='ltr'>ac</span> <span class='ocrx_word' id='word_1_149' title='bbox 1020 1830 1125 1885; x_wconf 90' lang='lat' dir='ltr'>lunium</span> 
     </span>
     <span class='ocr_line' id='line_1_19' title="bbox 107 1915 223 1971; baseline -0.017 -1"><span class='ocrx_word' id='word_1_150' title='bbox 107 1915 223 1971; x_wconf 91' lang='lat' dir='ltr'>disserit.</span> 
     </span>
    </p>

    <p class='ocr_par' dir='ltr' id='par_1_3' title="bbox 105 1987 1126 2326">
     <span class='ocr_line' id='line_1_20' title="bbox 192 1987 1125 2073; baseline 0 -17"><span class='ocrx_word' id='word_1_151' title='bbox 192 1997 295 2056; x_wconf 87' lang='grc'><strong>1211).</strong></span> <span class='ocrx_word' id='word_1_152' title='bbox 326 1997 417 2052; x_wconf 80' lang='grc' dir='ltr'><em>ταῦτα</em></span> <span class='ocrx_word' id='word_1_153' title='bbox 438 1988 497 2073; x_wconf 80' lang='lat' dir='ltr'>ydp</span> <span class='ocrx_word' id='word_1_154' title='bbox 520 1999 584 2063; x_wconf 80' lang='grc' dir='ltr'><strong><em>τοῖς</em></strong></span> <span class='ocrx_word' id='word_1_155' title='bbox 605 1991 640 2053; x_wconf 84' lang='lat' dir='ltr'>cd</span> <span class='ocrx_word' id='word_1_156' title='bbox 662 1987 806 2070; x_wconf 78' lang='grc' dir='ltr'>παλαιόν]</span> <span class='ocrx_word' id='word_1_157' title='bbox 832 1997 860 2052; x_wconf 90' lang='lat' dir='ltr'>Si</span> <span class='ocrx_word' id='word_1_158' title='bbox 883 1999 916 2054; x_wconf 92' lang='lat' dir='ltr'>de</span> <span class='ocrx_word' id='word_1_159' title='bbox 938 2001 1125 2072; x_wconf 82' lang='lat' dir='ltr'>primogenitis</span> 
     </span>
     <span class='ocr_line' id='line_1_21' title="bbox 107 2081 1126 2157; baseline 0.001 -17"><span class='ocrx_word' id='word_1_160' title='bbox 107 2084 230 2140; x_wconf 92' lang='lat' dir='ltr'>omnibus</span> <span class='ocrx_word' id='word_1_161' title='bbox 254 2082 394 2154; x_wconf 87' lang='lat' dir='ltr'>inteNigat,</span> <span class='ocrx_word' id='word_1_162' title='bbox 419 2081 513 2137; x_wconf 88' lang='lat' dir='ltr'>salsum</span> <span class='ocrx_word' id='word_1_163' title='bbox 539 2082 599 2137; x_wconf 84' lang='lat' dir='ltr'>erit.</span> <span class='ocrx_word' id='word_1_164' title='bbox 630 2082 723 2154; x_wconf 91' lang='lat' dir='ltr'>Neque</span> <span class='ocrx_word' id='word_1_165' title='bbox 746 2082 817 2138; x_wconf 87' lang='lat' dir='ltr'>enim</span> <span class='ocrx_word' id='word_1_166' title='bbox 832 2082 1009 2157; x_wconf 80' lang='lat' dir='ltr'>Primogeniti</span> <span class='ocrx_word' id='word_1_167' title='bbox 1031 2101 1126 2141; x_wconf 90' lang='lat' dir='ltr'>omnes</span> 
     </span>
     <span class='ocr_line' id='line_1_22' title="bbox 106 2159 1126 2242; baseline 0.001 -18"><span class='ocrx_word' id='word_1_168' title='bbox 106 2168 230 2224; x_wconf 86' lang='lat' dir='ltr'>Nazaraei</span> <span class='ocrx_word' id='word_1_169' title='bbox 252 2167 378 2231; x_wconf 85' lang='lat' dir='ltr'>luerunt,</span> <span class='ocrx_word' id='word_1_170' title='bbox 409 2166 456 2221; x_wconf 93' lang='lat' dir='ltr'>sed</span> <span class='ocrx_word' id='word_1_171' title='bbox 479 2159 646 2241; x_wconf 78' lang='grc' dir='ltr'><em>ἀορίστως,</em></span> <span class='ocrx_word' id='word_1_172' title='bbox 670 2167 752 2223; x_wconf 90' lang='lat' dir='ltr'>etde</span> <span class='ocrx_word' id='word_1_173' title='bbox 776 2166 936 2240; x_wconf 88' lang='lat' dir='ltr'>quibusdam</span> <span class='ocrx_word' id='word_1_174' title='bbox 959 2169 1065 2242; x_wconf 86' lang='lat' dir='ltr'>accipe,</span> <span class='ocrx_word' id='word_1_175' title='bbox 1096 2177 1126 2225; x_wconf 91' lang='lat' dir='ltr'>ut</span> 
     </span>
     <span class='ocr_line' id='line_1_23' title="bbox 105 2251 890 2326; baseline -0.004 -16"><span class='ocrx_word' id='word_1_176' title='bbox 105 2254 137 2310; x_wconf 93' lang='lat' dir='ltr'>de</span> <span class='ocrx_word' id='word_1_177' title='bbox 161 2254 311 2325; x_wconf 89' lang='lat' dir='ltr'>Sampscne</span> <span class='ocrx_word' id='word_1_178' title='bbox 335 2259 362 2306; x_wconf 89' lang='lat' dir='ltr'>et</span> <span class='ocrx_word' id='word_1_179' title='bbox 385 2251 407 2306; x_wconf 94' lang='lat' dir='ltr'>si</span> <span class='ocrx_word' id='word_1_180' title='bbox 430 2251 476 2323; x_wconf 88' lang='lat' dir='ltr'>qui</span> <span class='ocrx_word' id='word_1_181' title='bbox 498 2251 540 2306; x_wconf 90' lang='lat' dir='ltr'>alii</span> <span class='ocrx_word' id='word_1_182' title='bbox 565 2252 759 2326; x_wconf 78' lang='lat' dir='ltr'>ejusdemmodi</span> <span class='ocrx_word' id='word_1_183' title='bbox 781 2252 890 2307; x_wconf 89' lang='lat' dir='ltr'>luerint.</span> 
     </span>
    </p>

    <p class='ocr_par' dir='ltr' id='par_1_4' title="bbox 106 2327 1126 2480">
     <span class='ocr_line' id='line_1_24' title="bbox 192 2327 1126 2420; baseline -0.003 -25"><span class='ocrx_word' id='word_1_184' title='bbox 192 2339 292 2395; x_wconf 84' lang='grc'><strong>1213.</strong></span> <span class='ocrx_word' id='word_1_185' title='bbox 325 2327 411 2391; x_wconf 71' lang='grc' dir='ltr'><strong><em>ἄλλοι</em></strong></span> <span class='ocrx_word' id='word_1_186' title='bbox 435 2328 468 2390; x_wconf 73' lang='grc' dir='ltr'>δὲ</span> <span class='ocrx_word' id='word_1_187' title='bbox 489 2331 704 2412; x_wconf 79' lang='grc' dir='ltr'><em>Νασαραίαας]</em></span> <span class='ocrx_word' id='word_1_188' title='bbox 740 2336 778 2392; x_wconf 84' lang='lat' dir='ltr'>lle</span> <span class='ocrx_word' id='word_1_189' title='bbox 807 2337 858 2420; x_wconf 49' lang='lat' dir='ltr'>his!</span> <span class='ocrx_word' id='word_1_190' title='bbox 873 2336 977 2409; x_wconf 81' lang='lat' dir='ltr'>egimus</span> <span class='ocrx_word' id='word_1_191' title='bbox 1000 2338 1031 2392; x_wconf 92' lang='lat' dir='ltr'>ad</span> <span class='ocrx_word' id='word_1_192' title='bbox 1055 2337 1126 2393; x_wconf 89' lang='lat' dir='ltr'>llae-</span> 
     </span>
     <span class='ocr_line' id='line_1_25' title="bbox 106 2423 470 2480; baseline -0.011 -2"><span class='ocrx_word' id='word_1_193' title='bbox 106 2424 179 2480; x_wconf 87' lang='lat' dir='ltr'>resin</span> <span class='ocrx_word' id='word_1_194' title='bbox 204 2425 241 2479; x_wconf 87' lang='lat'>19</span> <span class='ocrx_word' id='word_1_195' title='bbox 264 2423 470 2477; x_wconf 86' lang='lat' dir='ltr'>Nazaraeorum.</span> 
     </span>
    </p>

    <p class='ocr_par' dir='ltr' id='par_1_5' title="bbox 105 2495 1126 2918">
     <span class='ocr_line' id='line_1_26' title="bbox 194 2495 1126 2582; baseline -0.002 -18"><span class='ocrx_word' id='word_1_196' title='bbox 194 2509 251 2564; x_wconf 91' lang='grc'>122</span> <span class='ocrx_word' id='word_1_197' title='bbox 268 2507 293 2562; x_wconf 93' lang='lat' dir='ltr'>d.</span> <span class='ocrx_word' id='word_1_198' title='bbox 325 2500 374 2561; x_wconf 79' lang='grc' dir='ltr'>καὶ</span> <span class='ocrx_word' id='word_1_199' title='bbox 397 2505 530 2581; x_wconf 77' lang='grc' dir='ltr'><em>γραφεῖα</em></span> <span class='ocrx_word' id='word_1_200' title='bbox 559 2496 597 2560; x_wconf 83' lang='grc' dir='ltr'>τὰ</span> <span class='ocrx_word' id='word_1_201' title='bbox 619 2497 704 2580; x_wconf 80' lang='grc' dir='ltr'><em>παρὰ</em></span> <span class='ocrx_word' id='word_1_202' title='bbox 725 2495 898 2578; x_wconf 71' lang='grc' dir='ltr'><strong><em>Ἰουδαίοις]</em></strong></span> <span class='ocrx_word' id='word_1_203' title='bbox 935 2505 1008 2573; x_wconf 83' lang='lat' dir='ltr'>Quae</span> <span class='ocrx_word' id='word_1_204' title='bbox 1028 2497 1126 2582; x_wconf 71' lang='lat' dir='ltr'>‘Apro&#39;-</span> 
     </span>
     <span class='ocr_line' id='line_1_27' title="bbox 105 2589 1126 2670; baseline -0.001 -22"><span class='ocrx_word' id='word_1_205' title='bbox 105 2607 211 2670; x_wconf 74' lang='grc' dir='ltr'><em>γραφα</em></span> <span class='ocrx_word' id='word_1_206' title='bbox 233 2592 370 2650; x_wconf 89' lang='lat' dir='ltr'>dicuntur.</span> <span class='ocrx_word' id='word_1_207' title='bbox 410 2591 500 2664; x_wconf 82' lang='lat' dir='ltr'>Atque</span> <span class='ocrx_word' id='word_1_208' title='bbox 522 2589 567 2644; x_wconf 92' lang='lat' dir='ltr'>hic</span> <span class='ocrx_word' id='word_1_209' title='bbox 590 2589 722 2662; x_wconf 86' lang='lat' dir='ltr'>triplicem</span> <span class='ocrx_word' id='word_1_210' title='bbox 745 2607 884 2646; x_wconf 86' lang='lat' dir='ltr'>sacrorum</span> <span class='ocrx_word' id='word_1_211' title='bbox 908 2590 1039 2646; x_wconf 92' lang='lat' dir='ltr'>librorum</span> <span class='ocrx_word' id='word_1_212' title='bbox 1062 2609 1126 2664; x_wconf 94' lang='lat' dir='ltr'>par-</span> 
     </span>
     <span class='ocr_line' id='line_1_28' title="bbox 106 2675 1125 2749; baseline -0.003 -15"><span class='ocrx_word' id='word_1_213' title='bbox 106 2678 228 2734; x_wconf 89' lang='lat' dir='ltr'>titionem</span> <span class='ocrx_word' id='word_1_214' title='bbox 252 2675 457 2749; x_wconf 88' lang='lat' dir='ltr'>complectitur,</span> <span class='ocrx_word' id='word_1_215' title='bbox 487 2691 556 2747; x_wconf 90' lang='lat' dir='ltr'>quae</span> <span class='ocrx_word' id='word_1_216' title='bbox 579 2683 622 2729; x_wconf 90' lang='lat' dir='ltr'>est</span> <span class='ocrx_word' id='word_1_217' title='bbox 645 2685 744 2738; x_wconf 56' lang='grc'><strong>133313,</strong></span> <span class='ocrx_word' id='word_1_218' title='bbox 774 2675 827 2730; x_wconf 94' lang='lat' dir='ltr'>hoc</span> <span class='ocrx_word' id='word_1_219' title='bbox 850 2683 892 2730; x_wconf 92' lang='lat' dir='ltr'>est</span> <span class='ocrx_word' id='word_1_220' title='bbox 914 2676 987 2742; x_wconf 63' lang='lat' dir='ltr'>Lem</span> <span class='ocrx_word' id='word_1_221' title='bbox 1018 2689 1125 2737; x_wconf 60' lang='lat' dir='ltr'>natam</span> 
     </span>
     <span class='ocr_line' id='line_1_29' title="bbox 106 2749 1126 2836; baseline 0 -18"><span class='ocrx_word' id='word_1_222' title='bbox 106 2763 273 2836; x_wconf 82' lang='lat' dir='ltr'>Prophetae,</span> <span class='ocrx_word' id='word_1_223' title='bbox 299 2770 325 2815; x_wconf 88' lang='lat' dir='ltr'>et</span> <span class='ocrx_word' id='word_1_224' title='bbox 347 2772 463 2820; x_wconf 58' lang='grc' dir='ltr'>Νη)</span> <span class='ocrx_word' id='word_1_225' title='bbox 487 2749 672 2835; x_wconf 72' lang='grc' dir='ltr'><em>ἁγιόγραφα,</em></span> <span class='ocrx_word' id='word_1_226' title='bbox 696 2759 749 2815; x_wconf 89' lang='lat' dir='ltr'>sive</span> <span class='ocrx_word' id='word_1_227' title='bbox 772 2762 914 2836; x_wconf 72' lang='grc' dir='ltr'><em>γραφεῖα.</em></span> <span class='ocrx_word' id='word_1_228' title='bbox 945 2759 1053 2833; x_wconf 71' lang='lat' dir='ltr'>lle‘quo</span> <span class='ocrx_word' id='word_1_229' title='bbox 1068 2762 1126 2818; x_wconf 90' lang='lat' dir='ltr'>vide</span> 
     </span>
     <span class='ocr_line' id='line_1_30' title="bbox 105 2843 999 2918; baseline -0.001 -16"><span class='ocrx_word' id='word_1_230' title='bbox 105 2847 215 2905; x_wconf 88' lang='lat' dir='ltr'>Hieron.</span> <span class='ocrx_word' id='word_1_231' title='bbox 239 2846 357 2918; x_wconf 82' lang='lat' dir='ltr'>Prologo</span> <span class='ocrx_word' id='word_1_232' title='bbox 382 2844 501 2900; x_wconf 85' lang='lat' dir='ltr'>Calcato.</span> <span class='ocrx_word' id='word_1_233' title='bbox 532 2844 615 2900; x_wconf 87' lang='lat' dir='ltr'>Eliam</span> <span class='ocrx_word' id='word_1_234' title='bbox 638 2845 664 2899; x_wconf 90' lang='lat' dir='ltr'>in</span> <span class='ocrx_word' id='word_1_235' title='bbox 689 2843 790 2910; x_wconf 90' lang='lat' dir='ltr'>&#39;lhisbi,</span> <span class='ocrx_word' id='word_1_236' title='bbox 818 2844 900 2901; x_wconf 90' lang='lat' dir='ltr'>verbo</span> <span class='ocrx_word' id='word_1_237' title='bbox 923 2858 999 2904; x_wconf 68' lang='lat' dir='ltr'>nnn.</span> 
     </span>
    </p>

    <p class='ocr_par' dir='ltr' id='par_1_6' title="bbox 81 2919 1127 3428">
     <span class='ocr_line' id='line_1_31' title="bbox 194 2919 1127 3003; baseline -0.002 -14"><span class='ocrx_word' id='word_1_238' title='bbox 194 2933 252 2989; x_wconf 82' lang='lat'>124</span> <span class='ocrx_word' id='word_1_239' title='bbox 270 2949 293 2987; x_wconf 83' lang='lat' dir='ltr'>c.</span> <span class='ocrx_word' id='word_1_240' title='bbox 325 2920 404 2985; x_wconf 76' lang='grc' dir='ltr'>ἀλλὰ</span> <span class='ocrx_word' id='word_1_241' title='bbox 425 2919 619 3002; x_wconf 72' lang='grc' dir='ltr'>ἀνιστάμεναι</span> <span class='ocrx_word' id='word_1_242' title='bbox 635 2922 765 3003; x_wconf 69' lang='grc' dir='ltr'>ἔσωθεν]</span> <span class='ocrx_word' id='word_1_243' title='bbox 790 2930 849 2986; x_wconf 90' lang='lat' dir='ltr'>Non</span> <span class='ocrx_word' id='word_1_244' title='bbox 865 2929 960 2986; x_wconf 86' lang='lat' dir='ltr'>dubito</span> <span class='ocrx_word' id='word_1_245' title='bbox 977 2931 1041 3002; x_wconf 88' lang='lat' dir='ltr'>quin</span> <span class='ocrx_word' id='word_1_246' title='bbox 1057 2933 1127 2987; x_wconf 92' lang='lat' dir='ltr'>scri-</span> 
     </span>
     <span class='ocr_line' id='line_1_32' title="bbox 105 3008 1126 3088; baseline -0.004 -14"><span class='ocrx_word' id='word_1_247' title='bbox 105 3017 224 3074; x_wconf 87' lang='lat' dir='ltr'>bendum</span> <span class='ocrx_word' id='word_1_248' title='bbox 247 3017 282 3072; x_wconf 93' lang='lat' dir='ltr'>sit</span> <span class='ocrx_word' id='word_1_249' title='bbox 306 3008 412 3071; x_wconf 66' lang='grc' dir='ltr'><strong><em>ἕωθεν.</em></strong></span> <span class='ocrx_word' id='word_1_250' title='bbox 443 3014 520 3083; x_wconf 83' lang='lat' dir='ltr'>Quod</span> <span class='ocrx_word' id='word_1_251' title='bbox 543 3023 632 3069; x_wconf 91' lang='lat' dir='ltr'>autem</span> <span class='ocrx_word' id='word_1_252' title='bbox 656 3015 775 3071; x_wconf 91' lang='lat' dir='ltr'>ludaicas</span> <span class='ocrx_word' id='word_1_253' title='bbox 798 3016 856 3072; x_wconf 92' lang='lat' dir='ltr'>illas</span> <span class='ocrx_word' id='word_1_254' title='bbox 874 3015 1083 3088; x_wconf 87' lang='lat' dir='ltr'>imprecationes</span> <span class='ocrx_word' id='word_1_255' title='bbox 1099 3018 1126 3070; x_wconf 93' lang='lat' dir='ltr'>in</span> 
     </span>
     <span class='ocr_line' id='line_1_33' title="bbox 104 3098 1126 3174; baseline -0.002 -16"><span class='ocrx_word' id='word_1_256' title='bbox 104 3101 255 3158; x_wconf 85' lang='lat' dir='ltr'>Nazaraeos</span> <span class='ocrx_word' id='word_1_257' title='bbox 284 3099 441 3155; x_wconf 90' lang='lat' dir='ltr'>Haereticos</span> <span class='ocrx_word' id='word_1_258' title='bbox 472 3099 589 3155; x_wconf 86' lang='lat' dir='ltr'>conferri</span> <span class='ocrx_word' id='word_1_259' title='bbox 618 3098 711 3154; x_wconf 91' lang='lat' dir='ltr'>scribit</span> <span class='ocrx_word' id='word_1_260' title='bbox 733 3099 915 3172; x_wconf 81' lang='lat' dir='ltr'>Epiphanius,</span> <span class='ocrx_word' id='word_1_261' title='bbox 946 3100 1126 3174; x_wconf 86' lang='lat' dir='ltr'>Hieronymus</span> 
     </span>
     <span class='ocr_line' id='line_1_34' title="bbox 106 3182 1126 3244; baseline -0.003 -1"><span class='ocrx_word' id='word_1_262' title='bbox 106 3187 140 3244; x_wconf 86' lang='lat' dir='ltr'>ad</span> <span class='ocrx_word' id='word_1_263' title='bbox 156 3186 323 3243; x_wconf 88' lang='lat' dir='ltr'>Christianos</span> <span class='ocrx_word' id='word_1_264' title='bbox 347 3184 483 3240; x_wconf 80' lang='lat' dir='ltr'>transfert.</span> <span class='ocrx_word' id='word_1_265' title='bbox 515 3185 553 3239; x_wconf 90' lang='lat' dir='ltr'>lta</span> <span class='ocrx_word' id='word_1_266' title='bbox 577 3183 648 3239; x_wconf 89' lang='lat' dir='ltr'>enim</span> <span class='ocrx_word' id='word_1_267' title='bbox 670 3182 715 3238; x_wconf 93' lang='lat' dir='ltr'>ille</span> <span class='ocrx_word' id='word_1_268' title='bbox 738 3184 914 3241; x_wconf 76' lang='grc'><strong>31113352.</strong></span> <span class='ocrx_word' id='word_1_269' title='bbox 944 3184 981 3240; x_wconf 80' lang='lat' dir='ltr'>m</span> <span class='ocrx_word' id='word_1_270' title='bbox 1002 3187 1053 3240; x_wconf 83' lang='lat' dir='ltr'>sub</span> <span class='ocrx_word' id='word_1_271' title='bbox 1075 3203 1126 3240; x_wconf 81' lang='lat' dir='ltr'>rto·</span> 
     </span>
     <span class='ocr_line' id='line_1_35' title="bbox 81 3260 1126 3342; baseline -0.003 -15"><span class='ocrx_word' id='word_1_272' title='bbox 81 3260 193 3337; x_wconf 52' lang='lat' dir='ltr'>&#39;minc</span> <span class='ocrx_word' id='word_1_273' title='bbox 217 3279 248 3327; x_wconf 83' lang='lat' dir='ltr'>ut</span> <span class='ocrx_word' id='word_1_274' title='bbox 268 3287 354 3342; x_wconf 86' lang='lat' dir='ltr'>saepe</span> <span class='ocrx_word' id='word_1_275' title='bbox 377 3270 453 3335; x_wconf 81' lang='lat' dir='ltr'>dici,</span> <span class='ocrx_word' id='word_1_276' title='bbox 475 3267 692 3326; x_wconf 75' lang='lat' dir='ltr'>chcrcccratm</span> <span class='ocrx_word' id='word_1_277' title='bbox 714 3275 756 3322; x_wconf 87' lang='lat' dir='ltr'>ter</span> <span class='ocrx_word' id='word_1_278' title='bbox 777 3269 808 3324; x_wconf 79' lang='lat' dir='ltr'>in</span> <span class='ocrx_word' id='word_1_279' title='bbox 830 3271 874 3325; x_wconf 81' lang='lat' dir='ltr'>die</span> <span class='ocrx_word' id='word_1_280' title='bbox 895 3271 926 3325; x_wconf 82' lang='lat' dir='ltr'>io</span> <span class='ocrx_word' id='word_1_281' title='bbox 951 3269 1126 3326; x_wconf 79' lang='lat' dir='ltr'>Christianos</span> 
     </span>
     <span class='ocr_line' id='line_1_36' title="bbox 104 3356 439 3428; baseline -0.015 -14"><span class='ocrx_word' id='word_1_282' title='bbox 104 3365 259 3428; x_wconf 78' lang='lat' dir='ltr'>coeperunt</span> <span class='ocrx_word' id='word_1_283' title='bbox 280 3356 439 3411; x_wconf 81' lang='lat' dir='ltr'>maledicta.</span> 
     </span>
    </p>

    <p class='ocr_par' dir='ltr' id='par_1_7' title="bbox 101 3429 1200 3683">
     <span class='ocr_line' id='line_1_37' title="bbox 191 3429 1126 3515; baseline -0.002 -17"><span class='ocrx_word' id='word_1_284' title='bbox 191 3435 291 3515; x_wconf 64' lang='grc' dir='ltr'><strong><em>ἔχουσι</em></strong></span> <span class='ocrx_word' id='word_1_285' title='bbox 326 3433 359 3495; x_wconf 69' lang='lat' dir='ltr'>da*</span> <span class='ocrx_word' id='word_1_286' title='bbox 390 3431 425 3496; x_wconf 83' lang='grc' dir='ltr'>τὸ</span> <span class='ocrx_word' id='word_1_287' title='bbox 454 3429 532 3495; x_wconf 81' lang='grc' dir='ltr'><em>κατὰ</em></span> <span class='ocrx_word' id='word_1_288' title='bbox 554 3435 741 3510; x_wconf 75' lang='grc' dir='ltr'><em>Ματθαῖαν]</em></span> <span class='ocrx_word' id='word_1_289' title='bbox 781 3437 858 3506; x_wconf 80' lang='lat' dir='ltr'>Quod</span> <span class='ocrx_word' id='word_1_290' title='bbox 891 3446 919 3494; x_wconf 89' lang='lat' dir='ltr'>et</span> <span class='ocrx_word' id='word_1_291' title='bbox 948 3438 1126 3513; x_wconf 78' lang='lat' dir='ltr'>hieronymus</span> 
     </span>
     <span class='ocr_line' id='line_1_38' title="bbox 104 3522 1200 3597; baseline -0.003 -14"><span class='ocrx_word' id='word_1_292' title='bbox 104 3527 208 3584; x_wconf 86' lang='lat' dir='ltr'>Craeoe</span> <span class='ocrx_word' id='word_1_293' title='bbox 230 3525 347 3583; x_wconf 92' lang='lat' dir='ltr'>reddidit</span> <span class='ocrx_word' id='word_1_294' title='bbox 370 3534 396 3582; x_wconf 92' lang='lat' dir='ltr'>et</span> <span class='ocrx_word' id='word_1_295' title='bbox 420 3524 483 3581; x_wconf 89' lang='lat' dir='ltr'>citat</span> <span class='ocrx_word' id='word_1_296' title='bbox 505 3524 563 3597; x_wconf 92' lang='lat' dir='ltr'>ipse</span> <span class='ocrx_word' id='word_1_297' title='bbox 587 3524 703 3597; x_wconf 89' lang='lat' dir='ltr'>saepius.</span> <span class='ocrx_word' id='word_1_298' title='bbox 748 3522 842 3596; x_wconf 91' lang='lat' dir='ltr'>Neque</span> <span class='ocrx_word' id='word_1_299' title='bbox 867 3539 930 3579; x_wconf 88' lang='lat' dir='ltr'>vero</span> <span class='ocrx_word' id='word_1_300' title='bbox 953 3541 1052 3596; x_wconf 91' lang='lat' dir='ltr'>purum</span> <span class='ocrx_word' id='word_1_301' title='bbox 1074 3542 1128 3597; x_wconf 90' lang='lat' dir='ltr'>pu·</span> <span class='ocrx_word' id='word_1_302' title='bbox 1193 3582 1200 3588; x_wconf 76' lang='grc'><strong><em>,</em></strong></span> 
     </span>
     <span class='ocr_line' id='line_1_39' title="bbox 101 3607 1128 3683; baseline -0.003 -14"><span class='ocrx_word' id='word_1_303' title='bbox 101 3621 162 3670; x_wconf 88' lang='lat' dir='ltr'>tum</span> <span class='ocrx_word' id='word_1_304' title='bbox 185 3610 312 3668; x_wconf 88' lang='lat' dir='ltr'>Nattbaei</span> <span class='ocrx_word' id='word_1_305' title='bbox 335 3608 509 3683; x_wconf 85' lang='lat' dir='ltr'>Evangelium</span> <span class='ocrx_word' id='word_1_306' title='bbox 536 3609 601 3676; x_wconf 87' lang='lat' dir='ltr'>luit,</span> <span class='ocrx_word' id='word_1_307' title='bbox 633 3618 663 3666; x_wconf 94' lang='lat' dir='ltr'>ut</span> <span class='ocrx_word' id='word_1_308' title='bbox 693 3607 860 3666; x_wconf 81' lang='lat' dir='ltr'>existimasse</span> <span class='ocrx_word' id='word_1_309' title='bbox 881 3607 987 3664; x_wconf 83' lang='lat' dir='ltr'>videtur</span> <span class='ocrx_word' id='word_1_310' title='bbox 1008 3608 1128 3682; x_wconf 80' lang='lat' dir='ltr'>Epipha-</span> 
     </span>
    </p>
   </div>
   <div class='ocr_carea' id='block_1_3' title="bbox 0 0 1272 4154">
    <p class='ocr_par' dir='ltr' id='par_1_8' title="bbox 0 0 1272 4154">
     <span class='ocr_line' id='line_1_40' title="bbox 0 0 1272 4154; baseline 0 0"><span class='ocrx_word' id='word_1_311' title='bbox 0 0 1272 4154; x_wconf 95' lang='lat' dir='ltr'> </span> 
     </span>
    </p>
   </div>
  </div>
 </body>
</html>
