2534 4154
178 298 244 361 ael
391 343 393 351 ,
638 298 767 358 raram*

180 466 210 526 ai
231 462 267 525 δέ
285 485 317 543 γε
347 459 498 543 εὑρεθεῖεν
518 465 609 521 τοῦτο
632 465 802 535 ποιοῦντες,
831 456 968 521 ἕστασαν
992 456 1200 541 ἀκοινώνητοι.

181 553 347 628 Epiphanius
376 559 471 607 noster
497 551 524 605 in
553 550 688 623 Angelicis
710 549 789 605 llaer.
808 551 883 614 6117
914 550 993 607 docet
1015 551 1155 625 Virgines,
1185 571 1200 610 a

180 639 280 712 quibus
308 636 467 710 virginitatis
490 635 615 729 sponsio,
646 651 726 708 quam
749 627 914 710 ὁμολογίαν
936 636 1072 701 nominat,
1102 637 1199 694 violata

180 725 230 788 sit,
261 721 411 779 consultius
434 721 536 784 lacere,
567 721 589 775 si
612 736 641 775 se
662 719 789 793 legitimis
811 720 913 813 nuptiis
935 720 1052 794 illigent,
1083 730 1113 776 ut
1137 733 1199 795 post

181 809 335 864 diuturnam
351 805 544 879 poenitentiam
560 803 695 860 Ecclesiae
711 804 928 861 communionem
944 806 1100 879 impetrent.
1123 807 1199 864 Non-

182 893 245 949 dum
268 891 370 948 scilieet
392 908 423 947 ea
444 889 555 964 sponsio
577 898 668 946 tantae
695 890 832 964 religionis
856 900 928 956 erat,
959 901 989 948 ut
1010 891 1117 948 irritum
1140 911 1199 949 ma-

181 977 337 1037 trimonium
359 976 468 1031 laceret.
498 974 562 1030 Vide
587 973 746 1047 Cyprianum
769 974 855 1048 Epist.
878 976 911 1031 ad
933 974 1123 1049 Pomponium,
1148 995 1198 1034 eu·

180 1063 223 1119 ius
239 1061 342 1117 initium
358 1069 409 1125 est,
432 1060 567 1132 “legimus
582 1058 674 1133 literas
690 1057 775 1115 tuas''.
806 1059 851 1115 Sie
862 1059 1031 1116 Valentinum
1048 1060 1196 1119 Concilium

181 1146 232 1203 sub
255 1146 367 1209 Damaso
391 1145 454 1200 (lan.
472 1146 506 1202 2:
540 1142 681 1215 Virginea,
710 1160 782 1217 quoe
802 1160 833 1200 ae
855 1143 913 1199 Deo
935 1153 1084 1210 nocerent,
1111 1148 1140 1202 si
1162 1149 1198 1204 ad

180 1223 307 1288 terrenos
334 1231 450 1303 nuptias
479 1231 658 1293 transierint,
683 1231 887 1302 poenitentiam
909 1247 993 1300 opere
1014 1229 1099 1286 iubet.
1145 1233 1196 1288 Eae
1220 1277 1225 1293 .

180 1335 262 1391 porro
285 1315 318 1371 ab
341 1314 474 1388 Episcopo
497 1314 736 1370 consecrabantur.
773 1314 907 1383 Quodne
930 1315 1091 1371 Sacerdotes
1114 1333 1198 1374 usur·

179 1411 285 1477 parent,
309 1401 416 1473 saepius
432 1399 614 1463 interdictum,
637 1407 668 1454 ut
684 1399 808 1494 Carthag.
826 1401 932 1464 aera,
956 1401 1067 1456 Basilius
1083 1400 1116 1456 ad
1132 1405 1196 1458 Am·

179 1487 245 1562 phil.
270 1486 333 1541 (lan.
346 1487 382 1543 18
410 1485 515 1541 illarum
543 1476 709 1559 ὁμολογίαν
737 1485 822 1557 excipi
844 1483 920 1540 iubet
943 1502 1013 1541 anno
1036 1487 1134 1542 aetatis
1161 1489 1194 1546 16

179 1572 220 1628 vel
247 1576 293 1630 17
338 1570 464 1627 Severius
491 1568 920 1642 Agathensedoneil.dan.19:
949 1569 1195 1638 Sanctimoniolee

179 1656 381 1729 quantumlibet
407 1655 468 1710 nito
490 1670 588 1710 eornm
610 1661 635 1708 et
655 1671 747 1710 mores
765 1655 882 1727 probati
902 1656 973 1720 sint,
1002 1662 1068 1712 onte
1090 1673 1196 1713 annum

179 1742 282 1797 aetatis
303 1757 372 1796 soce
395 1742 434 1797 40
457 1750 514 1795 non
536 1740 670 1795 velentur.

268 1824 389 1882 1103ι1.
419 1819 445 1879 el
467 1818 504 1880 dt
521 1840 567 1890 τις
587 1817 836 1898 τελευτησάσης]Ι
856 1824 885 1880 ln
907 1824 1017 1880 Haeresi
1042 1828 1091 1890 59,
1109 1829 1127 1884 4
1152 1835 1195 1884 to-

178 1909 259 1965 lerari
281 1908 455 1964 nihilominus
478 1907 538 1964 illos
561 1909 588 1963 in
610 1908 729 1964 Ecclesia
752 1910 867 1974 dixerat,
896 1910 942 1982 qui
966 1919 1029 1982 pest
1051 1911 1195 1968 divortium

178 1993 243 2049 alias
266 2010 363 2049 uxores
387 1992 437 2048 sibi
460 1993 627 2065 copularent.
663 1992 701 2048 lle
724 2010 778 2065 quo
801 1994 834 2050 ad
855 1993 930 2049 illum
952 1994 1041 2050 locum
1065 1997 1195 2055 nonnulla

121 2068 125 2101 ⁴
179 2079 346 2150 scripsimus.
391 2077 440 2133 llio
462 2085 567 2141 autem,
598 2094 659 2133 eum
682 2076 816 2150 legitimos
839 2079 942 2135 scilicet
963 2090 991 2135 et
1013 2091 1141 2154 receptos
1162 2081 1193 2138 ab

177 2163 296 2220 Ecclesia
319 2163 426 2219 ordines
449 2170 477 2218 et
498 2160 597 2235 gradus
619 2171 803 2236 percenseret,
827 2163 970 2237 diligenter
992 2165 1147 2222 cautionem
1160 2167 1194 2223 il·

177 2249 230 2306 lam
258 2247 400 2323 apposuit,
430 2246 539 2303 nonnisi
567 2255 629 2320 post
657 2247 755 2320 prioris
778 2248 900 2321 coniugis
922 2257 1037 2305 mortem
1061 2251 1193 2308 secundas

173 2334 286 2407 'nuptias
309 2331 473 2406 approbari,
487 2331 553 2397 etsi,
575 2333 615 2388 mi
638 2333 766 2398 diximus,
791 2333 900 2390 alterius
923 2336 1031 2407 generis
1054 2345 1193 2410 utcunque

177 2419 338 2476 tolerentur.
370 2418 527 2492 Quanquam
550 2417 676 2473 adversus
693 2417 822 2491 digamos,
845 2419 892 2492 qui
907 2419 997 2492 priore
1013 2430 1130 2486 mortua,
1154 2421 1194 2478 al-

177 2513 262 2561 teram
285 2520 397 2560 uxorem
418 2505 564 2566 ducerent,
588 2503 707 2558 severior
728 2504 800 2576 apud
822 2504 947 2577 antiquos
971 2504 1112 2578 disciplina
1133 2507 1192 2564 luit.

177 2588 243 2644 Nam
266 2587 348 2645 Cone.
371 2588 452 2644 Laod.
477 2586 563 2644 Canl
589 2588 625 2643 ita
648 2587 748 2643 sanxit:
776 2583 843 2665 napi
866 2590 931 2660 τοῦ,
955 2583 1017 2644 driu
1038 2584 1119 2646 antri
1140 2585 1194 2648 τὸν

178 2666 425 2746 ἐκκλησιαστικὸν
445 2666 565 2743 κανόνα,
586 2665 658 2739 τοὺς
679 2665 848 2747 ἐλευθέρως
868 2668 918 2728 καὶ
941 2670 1078 2746 νομίμως
1098 2691 1193 2732 σανα-

178 2751 316 2856 φθὲντας
331 2750 533 2832 ὃευτέροις’
495 2775 547 2832 pap
534 2774 612 2829 μοις,
633 2776 677 2857 μη
667 2749 911 2833 λαθρογαμίαν
924 2752 1113 2834 ποιησαντος
1126 2753 1192 2818 dti-

177 2856 233 2917 γοα
250 2832 365 2919 χρόνον
380 2834 599 2916 παρελθόντος,
622 2859 672 2897 και
665 2836 904 2916 σχολασάντων
917 2845 985 2910 ταῖς
999 2848 1191 2948 πηοσεοχαῖς,

171 2921 228 2982 ’καὶ
251 2923 400 3026 νηστείαις
420 2919 500 2982 κατὰ
520 2919 700 3003 συγγνώμην
714 2919 977 2984 ἀποδίδοσθαι
939 2930 1044 2995 αυτοῖς
1056 2923 1114 3006 τὴν
1128 2949 1191 2988 κοι-

178 3009 289 3068 νωνίαν
315 3002 479 3089 ulpianum.
526 3009 561 3066 m
582 3013 732 3067 secundum
753 3011 899 3068 Ecclesiae
922 3011 1065 3069 Cononem
1086 3017 1191 3088 puili-

178 3096 241 3153 ltere
264 3114 298 3153 ae
320 3097 441 3168 legitime
461 3096 591 3151 secundia
612 3097 718 3168 nuptiis
738 3098 844 3181 illigati
864 3098 935 3162 τιατ,
963 3115 1055 3170 κτητο
1077 3102 1191 3157 otende-

176 3184 279 3238 etinum
299 3182 507 3238 matrimonium
527 3180 651 3244 inierint,
675 3183 775 3255 exiguo
791 3189 912 3254 tempore
925 3184 1092 3281 interlapeo,
1112 3193 1190 3258 post·

170 3259 263 3339 'quom
286 3267 419 3340 precibus
447 3274 473 3321 et
496 3265 610 3321 ieiuniis
630 3267 809 3331 oucooem'nt,
840 3269 994 3323 communio
1015 3270 1075 3325 illis
1096 3271 1190 3331 indut-

175 3359 283 3423 petatur.
313 3351 540 3409 Neocaesariense
561 3367 625 3406 vero
642 3349 705 3406 Gan.
716 3354 749 3408 7:
772 3346 994 3429 Πρεσβύτερον
1014 3346 1112 3420 εἰς’
1072 3372 1125 3431 yon
1112 3372 1190 3428 μοσς

177 3427 387 3512 διγαμούντων
412 3455 456 3537 μη
478 3426 656 3499 εστιᾶσθαι·
686 3431 748 3492 ἐπεὶ
769 3431 934 3510 perdamur
956 3432 1116 3509 αἰτοῦντος
1136 3441 1190 3498 τοῦ

177 3513 324 3595 ὃηάμου,
351 3514 445 3587 τίς’
425 3536 508 3578 εσται
536 3512 552 3577 ὃ
582 3514 845 3624 ττηεσβτλτερος,ί
830 3540 846 3579 ο
877 3515 928 3578 διὰ
951 3522 1005 3596 τῆς
1026 3513 1190 3593 ἑστιάσεως

176 3599 473 3689 σαγκατατιᾷέμτνος
493 3606 557 3671 τοῖς
576 3601 704 3682 prinam,-
725 3605 802 3664 Vetat
816 3606 1008 3681 Presbyterum
1022 3608 1190 3684 digamorum
