2534 4154
502 333 792 385 suiusovnasrours.
1091 326 1161 390 tta·

136 489 165 547 de
188 487 438 546 diversosemcntis
460 495 863 567 1ο11ῳοοο,χειμεοινοογαρ
885 509 964 569 epm
985 487 1064 567 μετὰ
1077 510 1152 573 τρο-

134 569 192 642 nde
220 567 348 675 θερινὰς
372 572 428 628 τοῦ
433 569 727 674 Μεταγειτνιωνος·
754 575 810 631 τοῦ
838 569 873 631 δὲ
894 572 1037 656 δευτέρου
1054 574 1165 639 πάλον-

130 653 212 741 pead
232 649 323 734 ἡλίου
344 649 462 735 τροπὰς
477 653 652 733 χειμερινὰς
671 659 727 714 τοῦ
749 656 951 734 Γαμηλιῶνος
969 657 1074 738 μηνός.
1103 664 1166 723 lh·

131 747 196 803 cidit
217 745 303 819 igitur
323 743 459 800 Posideon
480 752 542 799 ante
565 743 716 799 Solstitium
740 744 898 811 hibernum,
914 747 1065 806 Gamelion
1087 759 1164 825 post·

129 830 295 888 Solstitium.
325 827 488 885 Plutarchus
510 837 600 885 autem
623 830 650 883 in
671 828 724 884 vita
748 829 868 886 Caesaris
888 832 1066 891 Posideonem
1088 840 1153 895 cun

127 916 245 973 ineunte
266 915 395 971 duntaxat
416 913 539 969 ianuario
554 913 669 978 confert,
691 910 750 969 Xee
751 916 853 986 μῶνος
867 911 899 971 ἐν
912 923 1041 1019 τροπαῖς
1053 911 1166 993 ὄντος,-

125 993 297 1074 ἱσταμένου
319 992 511 1072 ’ίΙανοοαροο
539 990 635 1071 μηνὸς
662 978 764 1068 (ουτος
791 991 860 1054 δΗ
830 1019 880 1056 ον
907 995 952 1077 εἰη
972 999 1164 1064 Ποσειδεὼν·

118 1076 326 1161 monbec)
355 1083 419 1139 Nam
437 1083 551 1138 lunaris
573 1083 708 1139 Posideou
731 1100 925 1158 nonnunquam
948 1089 1063 1145 lanuarii
1083 1106 1164 1164 pah·

121 1179 184 1228 111111
209 1170 307 1226 aulert.
346 1170 419 1225 111ο111
442 1176 470 1224 et
491 1167 587 1223 Suidas
609 1168 752 1268 perspicue
776 1169 856 1226 docet
878 1171 920 1228 bis
941 1173 1045 1229 verbis:
1078 1171 1152 1232 Πομ

117 1247 258 1313 σειδεών
277 1247 339 1329 μὴν
358 1270 422 1329 παρ
420 1244 676 1327 ’Ἀθηναίο1ς’
647 1244 728 1309 οὑτω
750 1247 1093 1338 καλούμενοςΔεκέμβρ
1094 1277 1149 1328 1ος.

118 1339 209 1412 Quod
232 1356 297 1395 vero
321 1335 350 1394 Γ
347 1329 486 1412 ομηλιων
506 1338 658 1411 proximum
680 1338 833 1395 aSolstitio
854 1341 944 1396 locum
966 1342 1074 1409 habeat,
1096 1346 1151 1401 da-

115 1428 216 1483 clarst
237 1423 349 1480 dristot.
365 1423 516 1487 lleteor.,l
534 1425 561 1479 6.
588 1415 662 1478 Ἐπὶ
684 1415 759 1479 ὃέ”
740 1441 887 1500 αρχοντος
902 1418 1070 1529 Ἀθήνηοον
1083 1421 1150 1485 Et-

116 1505 238 1576 κλέους
266 1510 321 1565 τοῦ
339 1501 494 1574 Μόλωνος
515 1501 648 1607 ἐγένετο
651 1526 699 1582 stop
686 1501 787 1583 μήτης
807 1501 905 1586 ἀστὴρ
927 1505 1004 1589 πρὸς
1025 1503 1149 1588 alpem,

112 1587 227 1672 μηνὸς
241 1590 443 1668 Γαμηλιῶνος
462 1587 530 1669 περὶ
551 1583 668 1669 τροπὰς
688 1611 777 1659 οντος
796 1611 852 1650 τοο
837 1587 920 1670 bt(
917 1612 953 1651 ov
964 1591 1150 1675 χειμερινάς.

112 1678 201 1737 Haec
229 1677 309 1734 nobis
336 1677 417 1751 paulo
445 1677 597 1733 accuratius
627 1678 836 1734 demonstranda
864 1680 989 1746 luerunt,
1019 1683 1092 1756 quod
1119 1692 1149 1742 et

111 1762 273 1841 Epiphanii
300 1763 377 1819 locus
398 1763 435 1818 ita
456 1762 609 1836 postularet
630 1771 658 1818 et
679 1763 753 1836 quod
772 1764 882 1838 indigne
904 1765 1003 1823 terrem
1025 1768 1153 1826 eruditus

111 1849 277 1908 nonnullos
298 1865 314 1904 a
335 1847 472 1921 Scaligero
494 1848 521 1903 in
543 1847 659 1903 eoadem
683 1865 803 1904 errorem
825 1850 961 1908 inductos.
988 1852 1025 1908 -lt
1047 1852 1152 1926 quibus·
1251 1877 1253 1880 ·

111 1951 200 1992 unus
222 1933 328 1998 asserit,
351 1932 475 2006 imperite
497 1949 592 1988 omnes
615 1941 678 1988 aute
699 1933 774 1990 illum
790 1933 1040 1993 llaemacteriouem
1063 1955 1162 2011 quar-·

110 2028 183 2077 tum
207 2034 331 2074 mensem
352 2034 520 2073 numerasse.
566 2018 616 2086 Qui
639 2019 748 2093 quidem
771 2027 812 2075 tot
833 2022 973 2078 convictus
995 2022 1152 2083 rationibus,

112 2105 206 2162 cedat
233 2120 347 2160 necesse
374 2111 417 2159 est
443 2111 472 2158 et
500 2103 609 2175 quoda
632 2103 769 2178 Scaligero
792 2105 935 2171 didicerat,
965 2108 1074 2163 taudem
1095 2108 1149 2165 ali«

112 2190 238 2265 quando
259 2187 389 2244 dediscat.
420 2187 530 2244 Caetera
554 2205 624 2260 quae
645 2189 679 2243 ad
693 2189 844 2245 Atticorum
866 2191 1000 2246 mensium
1023 2193 1148 2266 disputa·-

110 2278 228 2332 tionem
251 2282 279 2329 et
299 2273 384 2328 multa
406 2280 434 2329 et
455 2273 587 2344 exquisito
609 2273 661 2329 dici
682 2284 811 2346 possent,
844 2292 924 2330 suum
945 2275 1036 2331 locum
1058 2275 1155 2334 habe-

108 2357 195 2417 bunt
216 2359 245 2414 in
268 2374 301 2414 oo
324 2375 416 2431 opere,
441 2374 495 2431 quo
511 2357 675 2430 'l'emporum
690 2357 839 2413 doctrinam
858 2359 1017 2432 aScaligeri
1032 2361 1144 2419 somniis

112 2446 178 2503 deo
200 2444 337 2517 aspirante
359 2442 561 2499 vindicabimus.

211 2528 279 2585 lllud
307 2544 392 2583 uuum
413 2528 544 2583 lectorem
567 2543 680 2582 necesse
702 2535 745 2582 est
766 2526 919 2593 admoneri,
950 2527 1060 2585 eosdem
1082 2530 1196 2594 illectas

111 2614 229 2672 Atticos
244 2631 353 2669 meuses
368 2613 433 2668 alias
447 2612 557 2667 lunares
573 2628 643 2676 esse,
667 2610 732 2666 alias
747 2628 802 2667 uon
817 2610 936 2678 lunares,
960 2615 1009 2670 sed
1023 2615 1145 2674 tricena·

110 2700 192 2764 rios,
215 2699 257 2754 vel
279 2705 354 2755 certe
375 2697 502 2753 Iulianos.
547 2696 575 2752 Si
597 2695 721 2762 lunares,
745 2704 846 2752 certam
868 2698 969 2754 nullam
991 2699 1025 2756 in'
1040 2701 1143 2787 lulianp

112 2792 255 2842 contextu
281 2782 373 2839 sedem
401 2782 541 2847 obtinent,
568 2781 616 2837 sed
643 2782 716 2838 ultro
739 2782 863 2854 citroque
884 2788 1024 2857 vagantur.
1068 2787 1145 2857 Quae

104 2869 238 2929 =varietas
261 2869 358 2933 ellicit,
380 2876 412 2923 ut
434 2885 489 2924 nou
511 2867 605 2922 iisdem
628 2866 736 2922 lulianis
758 2867 898 2925 mensibus
920 2886 935 2923 a
957 2869 1143 2944 scriptoribus

109 2950 301 3028 imputentur.
345 2953 511 3026 Epiphanius
533 2952 577 3007 bic
599 2951 632 3007 de
654 2952 813 3017 tricenariis,
847 2961 895 3009 aut
917 2954 1011 3027 utique
1033 2957 1143 3014 lulianis
1209 2947 1212 2952 ⁴

110 3033 254 3112 loquitur,
277 3038 311 3093 de
333 3054 388 3113 quo
409 3036 491 3111 paulo
512 3045 576 3110 post
598 3053 718 3109 agemus.
761 3037 847 3110 Caput
868 3039 939 3102 anni,
964 3039 986 3094 si
1002 3057 1063 3095 vera
1078 3048 1143 3096 sunt

112 3139 194 3200 quae
215 3139 267 3196 pro
282 3123 369 3178 Gazae
391 3122 525 3178 sententia
548 3139 630 3194 supra
653 3122 839 3188 disseruimus,
862 3122 895 3178 ab
912 3123 1025 3178 Octobri
1039 3124 1142 3181 iuliano

112 3207 275 3266 deducitur.
305 3207 371 3263 Nam
394 3207 569 3281 lletagituiou
590 3206 617 3261 in
632 3206 811 3263 Nouembrem
834 3207 968 3263 convenit.
999 3207 1070 3280 Ergo
1085 3208 1147 3265 lle*

112 3291 301 3350 catombaeou
316 3291 461 3349 Octobrem
483 3299 614 3365 occupat,
637 3308 652 3345 a
675 3309 730 3367 quo
751 3308 845 3347 mense
871 3291 1142 3363 Syromacedonicam

114 3376 268 3434 Periodum
296 3377 402 3433 orditur
424 3377 552 3450 Scaliger.
597 3375 727 3431 Videntur
751 3385 816 3449 post
839 3373 1072 3433 Constantinianas
1094 3378 1143 3434 ln-

115 3462 255 3520 dictiones
269 3478 368 3518 novum
390 3461 455 3518 illud
471 3460 565 3516 iuliani
587 3461 650 3516 anni
671 3460 847 3533 primordium
863 3459 991 3516 statuisse
1010 3469 1037 3516 et
1052 3461 1142 3519 uam.-

119 3546 313 3604 tombaeonem
335 3547 362 3603 in
377 3545 608 3602 blaemaoterionis
623 3544 713 3601 locum
729 3544 902 3616 subrogasse.
931 3543 1058 3619 Alioquin
1072 3547 1141 3607 nituit

120 3641 164 3690 est
192 3633 295 3690 certius
322 3648 403 3706 quam
425 3628 688 3688 Hecatombaecnem
709 3624 777 3708 περὶ
798 3621 855 3695 τὰς
875 3623 992 3708 τροπὰς
1012 3627 1171 3724 deperdet

934 3727 987 3778 10*
