2534 4154
166 295 228 379 bod
534 313 541 335 ⁵
619 313 731 377 rernm
808 312 810 317 '

166 476 200 539 'dd
221 474 255 538 τὸ
279 469 383 553 ὄνομα
398 470 493 552 μόνον
508 472 705 552 διστάζοντος
720 486 772 534 etc.
803 464 960 550 Quanquam
977 476 1103 549 superior
1119 464 1185 531 ana·

166 565 353 623 thematisnr'us
376 564 499 619 Arianam
527 564 665 638 perfidiam
694 563 814 627 redolet,
844 579 905 617 cum
933 561 1044 626 asserit,
1075 561 1183 617 Putrem

165 667 220 707 non
243 644 364 730 ἐξουσίᾳ
386 649 484 713 solum,
508 651 556 706 sed
571 640 670 729 οὐσίᾳ,
693 648 751 704 lilii
767 649 873 703 Patrem
890 663 959 711 esse,
984 646 1057 718 quod
1073 647 1184 703 omnino

166 736 261 792 laisum
279 743 321 790 est
336 744 364 790 et
379 734 556 808 haereticum.
585 735 679 809 Neque
695 734 765 789 enim
782 732 903 787 Peterin
920 731 1025 796 Filium,
1049 740 1185 803 quatenus

166 820 237 877 lleus
261 827 311 884 est,
335 829 363 875 et
385 818 417 874 ab
441 819 498 874 eius
522 813 611 901 odolo
633 819 764 893 procedit,
788 811 927 884 ἐξουσίαν
949 815 1038 880 ullam,
1063 824 1110 871 aut
1133 832 1186 890 po-

165 913 290 962 testatem
314 903 427 960 obtinet.

251 992 310 1048 859
328 989 354 1044 b.
385 982 419 1045 τὸ
441 990 496 1064 τῆς
518 979 624 1054 οὐσίας
645 979 755 1062 ὄνομα]
795 987 853 1042 Νοο
877 986 1040 1042 mediocrem
1063 985 1186 1060 Epipha-

166 1075 210 1130 nio
233 1075 353 1130 fraudem
376 1073 465 1130 attulit
488 1075 586 1146 omissa
610 1075 636 1128 in
659 1074 793 1129 hocloco
817 1091 831 1128 a
853 1071 970 1128 librariis
989 1071 1183 1144 interpunctio.

165 1158 230 1215 llam
258 1169 321 1234 post
344 1159 503 1233 synodicam
526 1159 658 1232 ancyrani
681 1157 870 1222 Conciliabuli‚
902 1172 971 1230 qnae
999 1155 1032 1210 ab
1056 1156 1110 1210 hoc
1134 1171 1186 1211 nu-

115 1251 241 1301 ttlmero
265 1245 391 1318 deinceps
414 1250 575 1316 sequuntur,
600 1252 682 1316 prout
704 1243 782 1316 vulgo
801 1241 1095 1315 concepta'lectio'est,
1121 1230 1186 1314 Episs

165 1330 256 1404 phanii
278 1346 338 1386 esse
360 1328 499 1384 videntur:
524 1345 574 1384 nee
597 1328 675 1383 aliter
696 1345 728 1384 ex
751 1327 859 1382 Graecis
883 1325 1035 1390 (lodicibus,
1060 1334 1115 1381 tam
1144 1335 1187 1400 ty·

164 1415 206 1490 pis
230 1415 334 1470 excusis
358 1431 437 1487 quam
462 1414 583 1487 scriptis,
618 1413 740 1485 adeoque
763 1429 794 1467 er
818 1412 938 1467 [lornarii
960 1411 1186 1484 interpretatione

166 1499 296 1572 suspicari
319 1498 416 1572 possis.
448 1499 526 1567 Quod
548 1516 598 1553 nos
621 1497 671 1571 ipsi
694 1514 755 1552 cum
770 1497 862 1552 Latina
886 1497 1050 1552 dictaremus
1073 1513 1187 1570 expres-

166 1585 259 1640 simus.
290 1583 360 1652 Quid
383 1583 454 1639 enim
477 1591 533 1639 tum
556 1583 628 1638 aliud
651 1599 803 1655 possemus,
827 1599 889 1637 cum
912 1581 945 1636 ad
963 1581 1095 1637 Graecum
1119 1597 1187 1637 con-

167 1678 268 1725 textum
285 1670 387 1733 Latina,
411 1669 500 1742 quoad
523 1668 581 1724 fieri
604 1677 704 1741 potest,
728 1667 953 1723 accommodanda
969 1666 1024 1721 sint
1040 1673 1068 1722 et
1084 1665 1187 1741 siquid
1235 1673 1237 1677 '

167 1754 221 1810 illic
243 1754 323 1827 paulo
347 1753 532 1808 vehementius
556 1753 729 1826 depravatum
752 1751 911 1814 occurrerit,
936 1751 961 1805 id
978 1751 1003 1805 in
1020 1751 1102 1806 Notas
1119 1768 1187 1806 con-

166 1839 310 1894 iiciendnm
333 1838 425 1911 potius
448 1837 578 1902 videatur,
603 1855 682 1909 quam
705 1839 763 1892 sine
780 1836 905 1892 Veterum
929 1835 1094 1891 authoritate
1111 1851 1188 1891 eom-

166 1922 255 1977 munis
284 1922 311 1976 iu
340 1931 468 1977 contextu
492 1923 550 1995 ipso
574 1922 730 1978 solicitanda
754 1911 844 1977 lectio.
890 1919 956 1976 (lum
979 1921 1031 1975 hoc
1054 1919 1139 1992 igitur
1160 1919 1187 1975 iu

166 2007 259 2062 Latina
282 2014 373 2061 nostra
396 2007 619 2079 interpretatione
641 2006 812 2062 retinendum
836 2006 1027 2078 putaverimus,
1052 2005 1096 2060 hic
1119 2005 1188 2060 Lec-

167 2099 253 2146 torem
282 2090 431 2164 gravissimi
461 2101 488 2147 et
517 2109 532 2146 a
560 2091 634 2147 nullo
662 2091 838 2146 animadversi
860 2092 991 2146 hactenus
1014 2089 1115 2145 erroris
1139 2089 1190 2144 ad-

137 2223 139 2235 .
166 2175 347 2239 monebimus,
382 2176 516 2249 simulque
538 2176 716 2248 Epiphaniam
739 2186 863 2231 nostrum
886 2175 919 2230 ab
942 2174 1037 2229 invidia
1061 2174 1135 2229 omni
1159 2191 1189 2230 ac
1219 2177 1222 2180 ’

168 2261 262 2335 culpae
285 2260 439 2334 suspicione
461 2260 644 2316 liberabimus.
674 2261 767 2333 Neque
784 2260 853 2337 euim
871 2261 992 2333 prolecto
1009 2258 1188 2315 dubitandum

168 2354 210 2402 est
232 2346 295 2419 quin
320 2346 341 2400 si
364 2345 415 2401 ista
438 2347 577 2419 scripserit
591 2346 766 2420 Epiphanius,
791 2345 1028 2408 Semiarianorum‚
1052 2359 1123 2417 quos
1139 2345 1199 2400 hac

168 2432 194 2487 in
218 2431 328 2487 haeresi
351 2431 392 2486 vel
414 2431 545 2503 acerrime
567 2421 716 2505 impugnat,
740 2432 830 2486 fautor
851 2447 882 2486 ac
904 2439 1035 2503 patronus
1058 2428 1187 2492 extiterit,

168 2516 331 2591 minimeque
355 2515 518 2572 Catholicus.
564 2517 667 2572 Etenim
694 2516 765 2571 nihil
787 2516 859 2571 aliud
882 2523 938 2571 tota
960 2515 1010 2570 hac
1032 2513 1189 2569 narratione
1232 2544 1235 2549 Δ

170 2618 257 2674 usque
280 2602 313 2656 ad
335 2617 394 2674 cap.
413 2603 450 2658 23
474 2610 578 2674 pugnat
600 2618 680 2673 quam
704 2591 911 2674 ὅμοιοννατά
933 2592 989 2672 τὴν
1010 2591 1129 2668 odoror,
1162 2599 1189 2655 id

170 2694 211 2740 est
240 2684 390 2740 substantia
420 2686 533 2740 similem
557 2703 617 2742 esse
640 2686 726 2741 Patris
750 2685 861 2749 Filium,
890 2685 923 2740 de
945 2676 1102 2762 dproooor'qo
1125 2701 1189 2739 vero

169 2769 252 2824 altum
276 2768 375 2841 ubique
398 2769 543 2825 silentium.
574 2771 714 2826 Praeterea
737 2773 790 2826 hoe
813 2771 871 2842 ipso
887 2770 1014 2834 Numero,
1039 2768 1090 2824 sub
1107 2769 1189 2825 linem

169 2853 215 2917 ait,
245 2854 339 2910 Filium
368 2845 489 2909 ἀκούειν
515 2856 571 2911 τοῦ
599 2849 715 2933 πατρὸς
743 2851 792 2910 καὶ
820 2847 984 2932 ὑπουργεῖν
1010 2856 1056 2934 τῷ
1083 2849 1188 2930 πατρὶ,

169 2934 346 3003 auscultare,
382 2939 434 2994 hoc
471 2949 512 2995 est
545 2941 657 2995 obedire
686 2948 711 2994 et
738 2942 900 2996 ministrare
932 2939 1022 2995 Patri.
1066 2939 1189 3014 itemque

96 3047 104 3069 ·
169 3024 276 3098 eap.18
301 3024 380 3079 Pater
402 3023 500 3094 (ficitur
523 3017 711 3092 αὐθεντικῶς
731 3028 835 3095 ποιεῖν,
858 3025 942 3081 Filius
965 3017 1022 3081 οὐκ
1045 3015 1190 3080 addem-

170 3111 239 3180 κῶς,
263 3100 327 3164 ἀλλ’
350 3100 548 3185 ὑπουργικῶς.
580 3110 657 3180 Quod
680 3126 759 3166 nemo
782 3111 834 3166 nisi
848 3113 963 3166 Arianos
985 3109 1091 3166 dixerit.
1122 3108 1190 3165 'lum

170 3195 271 3268 ubique
293 3195 420 3251 adversus
443 3197 596 3252 dnomoeos
618 3197 691 3253 solos
714 3196 847 3268 disputat,
872 3211 951 3267 quam
973 3187 1029 3269 τὴν
1050 3196 1104 3251 νῦν
1125 3189 1191 3251 e'm-

171 3273 326 3357 φυομένην
348 3274 463 3356 αἵρεσιν
484 3290 569 3344 vocat,
592 3298 683 3354 nuper
705 3288 832 3336 exortam
846 3281 1004 3344 Haeresim,
1029 3289 1059 3336 ut
1081 3296 1141 3352 cap.
1155 3283 1189 3338 13

170 3365 300 3423 authores
322 3365 396 3439 ipsos
418 3359 540 3434 καινους
560 3359 752 3444 Αἱρετικούς.
781 3365 848 3421 Item
871 3381 929 3438 cap.
943 3369 978 3422 15
1002 3363 1189 3420 Constantium

170 3466 334 3524 magnopere
356 3451 498 3516 collaudat,
522 3453 595 3526 quod
611 3452 706 3508 l'ilium
722 3450 793 3507 Patri
815 3467 865 3524 per
887 3450 976 3506 omnia
998 3449 1113 3506 similem
1130 3467 1190 3507 esse

171 3535 395 3606 pronunciaverit,
418 3543 448 3592 ut
469 3554 529 3602 noe,
555 3537 687 3610 inquiunt,
713 3534 852 3592 Catholici
874 3536 1020 3591 eredimus.
1051 3536 1127 3592 ltaue
1145 3543 1192 3593 aut

172 3616 324 3674 Catholieus
347 3619 379 3675 ab
396 3619 545 3694 Epiphanio
568 3621 676 3677 habitus
695 3630 737 3677 est
753 3620 936 3685 Constantius,
959 3630 1006 3676 aut
1022 3620 1190 3677 Catholicum
1226 3669 1229 3677 .
