2534 4154
171 314 233 374 aro
481 302 482 306 ’
622 325 735 376 carran
824 356 827 363 .

169 499 239 538 anno
254 483 323 545 351,
347 479 381 535 de
403 495 456 552 qua
478 479 506 534 iu
527 478 719 552 superioribus
736 477 843 535 abunde
866 477 968 535 dictum
991 488 1041 536 est.
1066 479 1189 552 Septima

170 566 257 623 Sirmii
280 581 351 622 anno
376 567 434 622 357
458 564 551 620 Latine
573 564 673 637 scripta
696 572 751 628 est,
778 562 812 619 de
834 580 901 637 qua,
925 572 1005 620 utet
1027 564 1186 630 dcoctava,

170 668 238 724 quae
260 650 408 709 Ariminum
430 649 533 722 perlata
556 659 611 714 est,
641 648 848 720 conscriptaque
870 665 941 704 anno
966 651 1024 706 359
1048 650 1115 705 satis
1137 668 1188 706 au-

169 746 211 792 tea
232 735 434 808 disputavimus.
465 734 540 789 Noua
562 742 605 790 est
624 733 754 789 Acaciana
770 733 910 790 Seleuciae
932 734 1080 807 proposita,
1105 752 1187 810 quam

168 837 230 877 cum
244 819 386 876 Sirmiensi
409 819 487 875 tertia
509 819 665 874 consentire
680 819 808 874 authores
824 818 895 873 illius
910 828 1045 875 asserunt.
1078 819 1185 876 Decime

169 904 401 977 Constantinopoli
424 904 578 968 ab‘Acaeio,
601 903 722 959 Eudoxio
744 903 857 976 aliisque
872 903 997 960 conllata.
1040 904 1115 973 Quae
1130 898 1185 960 orl·

168 985 237 1056 σίας
258 999 291 1045 et
306 981 504 1055 ὑποστάσεως
530 989 638 1044 uomina
660 988 865 1044 commemorari
887 997 974 1052 vetat,
1003 989 1119 1046 similem
1142 998 1184 1046 ta-

166 1092 229 1130 men
245 1075 316 1129 Patri
333 1074 427 1129 Eilium
451 1090 512 1129 esse
535 1073 637 1130 definit.
667 1072 714 1127 ttts
737 1073 906 1128 undecimam
928 1073 1000 1128 addit
1020 1075 1183 1132 Athanasius

166 1159 323 1215 Antiochiae
345 1158 377 1214 ab
400 1157 494 1214 iisdem
516 1158 576 1214 istis
598 1157 771 1231 publicatam,
794 1157 841 1213 ubi
862 1159 1030 1231 superiorem
1053 1160 1185 1216 eruenda-

166 1252 231 1300 runt
252 1261 284 1300 ac
304 1243 460 1299 dissimilem
483 1243 569 1298 Patris
592 1242 688 1299 Eilrum
710 1243 837 1298 audacter
859 1244 1082 1316 pronunciaruut
1110 1245 1185 1301 Unde

166 1328 295 1385 Anomoci
319 1336 346 1384 et
368 1320 549 1396 ἓξουκόντιοι
571 1327 701 1402 appellari
718 1336 877 1400 coeperunt.
1156 1327 1161 1335 '

252 1414 346 1473 8820.
370 1407 420 1467 καὶ
436 1406 554 1489 νύκτωρ
570 1404 789 1489 φυγαδεύεται]
819 1412 863 1468 Bis
873 1412 1014 1468 Antiochia
1029 1413 1126 1486 pulsus
1143 1423 1185 1471 est

164 1497 297 1555 bleletius.
328 1497 447 1553 Primum
469 1515 484 1555 a
508 1498 674 1561 Constantio,
698 1497 772 1569 quod
792 1499 919 1554 Arianum
944 1497 1040 1570 dogma
1063 1498 1183 1562 minime,

164 1583 205 1639 uti
228 1600 290 1657 spes
313 1591 380 1647 erat,
404 1583 515 1639 foveret.
545 1583 611 1639 lude
633 1600 647 1639 a
672 1582 790 1638 Valente.
834 1582 899 1637 Nam
922 1581 973 1639 sub
996 1583 1105 1641 loviano
1127 1586 1186 1641 Au·

164 1668 281 1724 tiochiae
305 1667 453 1724 Concilium
475 1667 584 1733 habuit,
607 1668 634 1723 in
657 1683 712 1740 quo
735 1667 917 1724 llacedouiani
940 1676 968 1723 et
990 1667 1115 1724 Acaciani
1136 1667 1186 1724 Ni-

164 1769 274 1809 eaenam
297 1751 377 1808 fidem
399 1752 513 1825 amplexi
536 1761 609 1809 sunt.
640 1753 767 1809 Socrates
791 1755 818 1817 3,
837 1755 886 1810 21.
913 1752 979 1809 Post
1001 1752 1101 1818 loviapi
1123 1752 1185 1808 obi-

164 1845 222 1892 tum
252 1854 280 1890 a>
296 1837 407 1893 Valente
435 1837 588 1910 relegatur,
617 1847 648 1893 ut
676 1837 748 1892 idem
770 1841 798 1901 4,
823 1839 840 1895 2
869 1837 1025 1910 caeterique
1053 1837 1183 1910 produnt

165 1919 345 1989 Quamobrem
368 1921 441 1993 quod
464 1922 558 1977 scribit
574 1922 749 1997 Epiphanius.
774 1915 962 1989 {baccoriaco
984 1923 1039 1978 τοῦ
1056 1913 1183 2000 χρόνον,

163 2022 218 2060 non
246 2005 285 2060 sic
312 2005 515 2078 intelligendum
544 2015 586 2061 est
613 2016 643 2062 ut
664 2015 828 2079 perpetuum
850 2025 865 2062 a
888 2007 1037 2063 Constantii
1059 2016 1183 2080 ternpore

163 2090 244 2146 luerit
265 2088 382 2145 exilium.
428 2090 465 2146 lle
489 2090 595 2146 lleletio
623 2107 686 2146 vero
710 2107 741 2146 ae
762 2091 861 2164 triplici
882 2091 1066 2149 Antiochense
1088 2092 1185 2150 Eccle-

164 2176 218 2232 siae
240 2173 354 2231 divortio
378 2176 487 2230 eosdem
505 2192 596 2231 rerum
612 2175 859 2231 Ecclesiasticarum
875 2176 1028 2249 Scriptores
1043 2177 1183 2234 consules.

112 2271 156 2324 328
249 2261 309 2317 883
326 2277 349 2316 c.
380 2254 459 2335 πλὴν
484 2255 516 2316 ἐν
543 2250 585 2316 ἑνὶ
613 2254 709 2337 μέρει]
754 2261 813 2317 Non
842 2270 989 2335 propterea
1013 2261 1184 2319 damnandus

163 2353 206 2400 est
220 2344 352 2410 lllcletius,
377 2345 450 2420 quod
471 2345 562 2400 locum
584 2346 658 2402 illum
683 2363 714 2402 en
729 2344 858 2402 Proverb.
882 2365 906 2402 c.
924 2348 941 2404 8
964 2338 1071 2413 ὁθεὸς
1085 2340 1187 2405 ἕκτισέ

160 2447 198 2503 με
223 2438 275 2486 etc.
299 2430 332 2485 de
354 2431 473 2486 increata
496 2431 631 2504 Sapientia
654 2448 684 2487 ac
700 2431 747 2487 Dei
762 2431 851 2488 Verbo
873 2432 1067 2504 interpretatus
1091 2432 1182 2489 luerit.

161 2513 219 2571 lloc
248 2515 319 2570 enirn
348 2515 470 2589 plerique
492 2515 587 2572 Patres
610 2516 749 2580 lecerunt,
779 2525 810 2573 ut
830 2516 951 2589 lguatius
973 2516 1074 2589 llartyr
1095 2516 1181 2589 Epist.

161 2599 195 2654 ad
222 2597 302 2655 Trall.
332 2602 459 2656 Athenas.
490 2601 523 2655 de
548 2601 668 2658 Decretis
690 2600 822 2657 Nicaenac
845 2601 947 2674 Synodi
975 2610 1003 2657 et
1031 2601 1076 2658 alii
1104 2618 1185 2659 com-

161 2683 263 2756 plures.

170 2806 174 2813 -
247 2769 341 2825 8850.
357 2763 387 2835 ἐξ
403 2759 505 2824 αὐτῶν
517 2759 576 2843 γὰρ
592 2759 740 2842 Εὐζώϊος]
758 2768 939 2826 Caesariensis
952 2769 1006 2827 iste
1021 2760 1181 2828 κατ’ἀντι-

161 2846 326 2926 διαστολὴν
344 2852 450 2916 dicitur,
473 2862 504 2908 ut
524 2852 556 2908 ab
580 2852 665 2909 altero
687 2854 865 2919 discernatur,
889 2854 936 2928 qui
961 2871 1024 2911 cum
1046 2854 1181 2914 Diaconos

158 2937 352 2994 Alexandrinae
375 2945 448 2994 esset
469 2938 613 3002 Ecclesiae,
638 2955 700 2994 cum
715 2939 778 2994 Ario
801 2939 896 3012 pulsus
920 2949 1015 3012 postea
1031 2940 1182 2997 Antioche-

158 3038 220 3079 nam
243 3024 336 3079 scdem
359 3022 485 3079 obtinuit.
516 3026 551 3078 At
573 3022 754 3079 Caesariensis
776 3024 872 3081 Aeacio
895 3025 1045 3082 succedens
1067 3042 1181 3082 succes-

157 3125 249 3165 sorem
272 3108 330 3182 ipse
353 3107 489 3163 Gelasium
512 3107 615 3170 habuit,
639 3117 670 3162 ut
692 3107 802 3165 llieron.
826 3108 871 3165 lib,
896 3109 929 3164 de
951 3109 1050 3182 Script.
1075 3110 1180 3167 Eccles.

158 3201 284 3249 testatur.
326 3194 385 3262 Quo
408 3194 435 3247 in
458 3193 527 3248 libro
552 3192 643 3246 Euzoii
666 3193 778 3265 insuper
799 3193 878 3249 istius
900 3195 1036 3257 meminit,
1061 3212 1180 3270 eumque

158 3278 255 3334 scribit
282 3294 344 3332 curn
369 3278 500 3350 Gregorio
522 3277 690 3332 Nazianzeno
715 3277 857 3350 Tlrespesii
878 3279 1004 3336 eretoris
1027 3279 1180 3336 auditorem

160 3363 306 3418 Caesareae
327 3363 420 3418 luisse.
452 3362 533 3418 Cuius
556 3361 632 3417 urbis
653 3361 845 3436 Episcopatum
867 3363 981 3436 adeptus
994 3365 1120 3436 plurimo
1136 3367 1180 3421 lo·

158 3447 225 3502 bore
255 3444 417 3520 corruptum
446 3446 642 3503 bibliothecam
666 3445 795 3517 Maenia
824 3456 849 3504 et
871 3449 1015 3521 Pamphili
1041 3449 1180 3507 inmem-

158 3531 257 3587 bmm'a
284 3533 448 3588 instaurare
476 3540 593 3587 conotus
622 3540 676 3596 est,
705 3533 745 3588 od
772 3535 996 3591 extremumue
1022 3534 1190 3593 Theodosio.

154 3616 285 3688 principe
310 3616 440 3672 Ecclesia
459 3618 561 3689 pulsus
583 3624 632 3672 eat.
