2534 4154
147 321 188 383 66
602 331 714 381 rursm

145 480 203 563 κβ,
226 489 402 561 corrigendus
425 490 569 560 interpres,
598 488 644 561 qui
667 487 741 560 quod
762 487 896 560 Euagrius
919 488 951 543 de
974 486 1073 559 insigni
1096 497 1175 561 quo-

145 576 205 631 dam
227 574 359 630 Monacho
382 573 528 646 scripserat
550 573 583 627 ad
598 571 707 628 Mariam
729 573 817 627 laeum
841 571 988 637 habitante,
1010 573 1178 649 πρασοικεῖ

103 663 133 713 15
146 653 179 715 de*
208 651 286 736 αὐτῇ
307 649 459 732 Μοναχὸς
485 657 540 724 τῆς
561 655 761 733 παρεμβολῆς
781 657 844 713 rain
864 653 894 712 Γ
893 657 1049 714 νωστικῶν
1070 648 1086 713 ὃ
1112 651 1169 712 do-

144 737 332 818 κιμώταταςε
355 743 392 799 ita
414 743 509 798 vertit:
531 742 566 797 ln
589 759 624 797 eo
638 741 796 800 Monachus
819 758 855 797 en
868 749 945 796 secto
970 740 1174 797 Gnosticomrn.

142 831 187 884 uir
207 829 428 902 spectatissimus
450 828 598 883 holitooit.
630 827 751 883 Fallitur.
782 827 875 899 Neque
899 827 970 882 euim
993 844 1024 883 ex
1043 835 1098 882 tarn
1113 826 1168 882 im-

142 932 210 987 pura
233 923 306 970 secta
327 911 468 968 laudabilis
491 930 522 968 ao
544 911 647 985 probus
671 913 786 968 existere
809 912 956 968 Monachus
979 912 1084 985 potuit,
1114 928 1173 968 ne·

142 1015 196 1073 que
226 998 258 1054 de
281 997 427 1053 virtutibus
449 1007 504 1054 tam
528 997 660 1071 exquisite
683 997 832 1070 disputare.
879 998 968 1065 Quare
990 993 1020 1051 Γ
1019 990 1173 1063 νωστικὸς·

142 1084 237 1140 eodem
260 1101 358 1146 sensu,
379 1097 437 1156 quo
461 1083 584 1138 Clemens
606 1099 673 1137 usus
696 1092 738 1137 est
761 1089 788 1137 et
809 1081 942 1155 Euagrius
964 1082 1037 1155 ipse,
1061 1081 1109 1154 qui
1130 1081 1172 1136 li·

141 1167 221 1224 hrum
244 1186 276 1224 eo
299 1168 408 1243 nomine
431 1168 614 1240 inscripserat,
639 1167 811 1240 accipiendus
834 1173 892 1234 est;
916 1183 1012 1239 nempe
1036 1157 1172 1222 ὃκατα-

142 1249 265 1321 §rodata
286 1254 340 1327 τῆς
361 1243 515 1329 γνώσεως,
547 1252 642 1306 eximia
664 1251 812 1307 divinarum
836 1268 926 1306 rerum
949 1251 1061 1307 seientia
1083 1267 1171 1323 prae-

141 1339 222 1394 ditus.
263 1338 354 1394 Redeo
378 1338 410 1393 ad
432 1337 563 1393 Haeresin
580 1336 780 1399 Gnosticorum,
804 1353 873 1409 quae
888 1353 944 1391 non
960 1353 1013 1391 una
1035 1335 1171 1408 simplex·

140 1440 193 1496 que
216 1423 280 1488 luit,
311 1423 360 1478 sed
382 1422 500 1478 universi
523 1421 595 1485 lere,
625 1438 693 1493 quos
717 1420 859 1477 fabulones
881 1416 1053 1493 Augustinus·
1070 1429 1168 1476 vocat:

140 1510 249 1580 quique,
273 1518 303 1563 ut
326 1508 396 1562 idem
419 1509 465 1571 ait,
487 1507 604 1577 foculos
625 1523 726 1569 nonos,
748 1521 854 1578 cosque
876 1506 975 1576 longos
999 1513 1025 1560 et
1047 1506 1189 1585 perple-x

138 1609 193 1648 nos
211 1599 426 1656 consonuerunt,
451 1591 642 1647 Gnosticorum
659 1584 839 1664 appellatione
855 1600 1011 1646 censentur.
1042 1589 1167 1664 Epipha-

78 1723 80 1727 .
137 1679 199 1734 nius
227 1678 296 1732 inlra
318 1675 397 1732 Haec.
417 1679 452 1734 31
485 1675 535 1731 sub
563 1676 685 1740 initium,
716 1676 810 1732 decem
840 1675 1032 1731 Gnosticorum
1060 1691 1167 1748 genera

137 1762 209 1825 lacit,
233 1779 248 1815 a
271 1761 383 1817 totidem
406 1761 514 1816 illorum
538 1770 686 1835 propagata
710 1761 834 1825 ducibus,
860 1777 928 1833 quos
951 1761 1049 1832 partim
1066 1760 1166 1816 eodem

136 1846 182 1901 illo
204 1846 274 1910 loeo,
297 1846 394 1917 partim
417 1845 528 1900 Haeresi
552 1847 626 1910 27,1
653 1855 805 1918 percenset.
849 1846 919 1901 Sunt
941 1853 1031 1900 autern
1055 1845 1091 1909 hi,
1116 1845 1169 1900 Si·

136 1942 210 1995 mon3
227 1929 381 1995 Menander,
406 1930 569 1995 saturnius,
593 1930 731 1995 Basilides,
751 1931 886 1995 Nicolaus‚
905 1930 1091 2002 Carpocrates,
1107 1930 1166 1985 Va·

135 2014 271 2079 lentinuS,
297 2014 469 2079 Colorhasus,
493 2015 665 2071 Ptolemaeus
689 2025 717 2071 et
739 2016 891 2071 Secundus.
938 2015 1061 2070 Clemens
1083 2016 1164 2070 Alex.

136 2099 181 2154 lib.
201 2101 218 2158 3
242 2099 342 2155 Strorn.
366 2100 439 2156 addit
462 2108 490 2155 et
504 2100 658 2156 Prodicum.
690 2100 788 2155 Verum
812 2100 1040 2172 certaquaedam
1063 2117 1094 2155 ae
1109 2117 1165 2172 pe-

137 2184 243 2242 culiaris
267 2193 341 2240 secta
363 2185 428 2250 luit,
452 2185 595 2259 quaesibi
619 2185 810 2240 Gnosticorum
834 2201 934 2240 nomen
957 2202 1021 2258 prae
1045 2184 1166 2240 caeteris

135 2269 297 2336 vendicarit;
327 2270 360 2325 de
390 2269 489 2342 quibus
518 2271 571 2326 hoe
600 2271 628 2325 in
656 2269 744 2342 capite
766 2270 821 2342 agit
842 2270 1024 2342 Epiphanius,
1055 2279 1082 2325 et
1105 2269 1161 2335 alii,

136 2355 182 2428 qui
210 2355 242 2411 de
265 2354 429 2411 Haeresibus
458 2355 640 2428 scripserunt:
672 2355 859 2428 imprimisque
883 2354 1080 2418 Tertullianus,
1113 2355 1165 2429 qui

136 2441 309 2513 Scorpiaeum
343 2449 438 2496 eontra
465 2440 611 2497 Gnosticos
644 2440 741 2507 edidit;
776 2457 856 2512 quam
890 2440 998 2512 quidem
1028 2439 1164 2495 Haeresin

133 2524 313 2598 Hieronymus
336 2534 431 2582 contra
454 2525 624 2598 Vigilantium
648 2525 770 2581 scribens
795 2525 918 2581 Caianam
941 2532 1027 2579 vocat.

221 2611 259 2665 82
276 2625 299 2664 c.
331 2601 434 2684 ἐπειδὴ
454 2603 514 2687 γὰρ
538 2603 647 2687 oovpoi]
687 2622 759 2671 nat:
787 2611 916 2665 Aramaea
946 2608 1037 2683 lingna
1066 2609 1163 2681 ignem·

135 2692 275 2765 significat.
322 2694 400 2760 Quod
427 2703 518 2750 autem
540 2695 644 2750 ludaeis
674 2703 737 2767 post
763 2695 943 2769 captivitatem
967 2693 1104 2749 familiaris
1127 2710 1162 2749 ac

133 2776 272 2850 popularis
300 2776 392 2850 lingua
414 2778 522 2850 Syriaca
549 2779 635 2844 locet,
664 2779 725 2834 ideo
748 2795 815 2834 nora
837 2796 892 2834 non
913 2772 1032 2856 βαθείᾳ
1054 2778 1162 2852 lingua,

134 2878 203 2935 quae
232 2869 260 2916 et
286 2859 399 2923 staini
428 2862 543 2927 dieitur,
573 2865 621 2919 sed
650 2863 787 2919 communi
816 2879 847 2918 ac
875 2862 978 2935 vulgari
1000 2862 1071 2918 idem
1095 2878 1161 2918 esse.

134 2947 207 3021 quod
229 2946 319 3019 ignem
341 2947 446 3002 asserit.
477 2945 614 3019 βαθεῖαν
635 2954 726 3003 autem
748 2947 868 3019 linguam
891 2947 1012 3002 alludens
1035 2946 1069 3002 ad
1086 2946 1161 3004 lize-

102 3031 105 3036 ’
135 3031 227 3089 ohielis
249 3031 339 3086 locum
361 3031 435 3096 dixit,
458 3032 505 3105 qui
528 3042 570 3088 est
594 3034 681 3097 3,15.
711 3031 777 3088 Non
799 3033 872 3087 enirn
887 3034 926 3087 od
937 3034 1074 3104 poputum
1085 3049 1162 3104 pro-

132 3117 215 3190 fundi
235 3117 370 3171 sermonis
394 3123 420 3171 et
440 3117 554 3188 ignotae
577 3119 691 3188 linpnoc
714 3125 744 3173 tn
758 3117 885 3172 mitteris.
916 3116 1047 3172 Hebraica
1062 3117 1156 3189 lingua
1200 3114 1203 3118 ’

133 3214 183 3263 tun
204 3204 295 3275 ignem
313 3201 454 3274 significat,
478 3203 606 3258 hramaea
622 3215 729 3262 unuh.
761 3202 818 3269 Qua
833 3219 899 3259 voce
914 3200 1004 3274 ignem
1020 3219 1034 3256 a
1049 3201 1155 3258 Nodmo

133 3295 256 3344 vocatum
279 3286 395 3342 Berosus
417 3287 545 3360 prodidit.
580 3290 669 3360 Atque
692 3287 754 3344 inde
776 3287 898 3343 fortassis
922 3286 1015 3343 Graeci
1033 3279 1162 3354 Ἑστίας

134 3373 265 3446 originem
287 3371 466 3428 deduxerunt.

220 3458 259 3514 82
275 3456 300 3511 d.
332 3440 417 3531 αὗται
438 3450 478 3513 rol
499 3456 554 3512 τοῦ
579 3451 793 3530 Φιλιστίωνος]
819 3455 929 3513 Hieron.
951 3457 1029 3530 Apol.
1047 3458 1065 3514 2
1087 3474 1151 3514 con.

134 3539 195 3596 llul.
232 3541 269 3596 Et
296 3543 378 3613 qnasi
404 3543 516 3597 mimum
544 3542 735 3607 Philistionis,
764 3544 809 3598 ool
836 3542 949 3597 Lentuli
977 3559 1011 3597 oc
1032 3541 1160 3600 Marulli

134 3625 279 3700 stropham
300 3627 421 3699 eleganti
442 3643 568 3684 sannone
590 3627 744 3701 confictam,
768 3634 818 3683 etc.
