2534 4154
461 334 753 388 turnanvmstoaus.
1058 318 1116 390 tul

100 493 174 551 heile
196 501 387 566 contempsere
409 502 525 550 caetera.
555 496 594 551 Ao
616 493 739 567 prolecto
761 492 795 550 de
817 508 851 550 eo
874 495 985 552 crimine
1006 495 1120 571 sileris

99 577 275 656 sanctissimis
296 579 359 634 airis
382 579 575 653 aequissimum
597 578 662 644 luit,
686 579 764 635 euius
787 583 931 654 tantopere
953 581 1028 637 illum
1050 592 1121 655 poc·-

98 663 212 729 nituisse
235 663 352 720 scirent:
383 680 417 719 nc
440 663 557 719 hominis
578 664 726 720 memoriae
747 664 893 730 insultare,
917 663 1120 743 obtrectariquc

97 748 165 807 ulle
187 748 283 821 potius·
302 764 383 823 quam
405 765 514 804 errores
536 748 663 805 damnare
685 748 850 806 viderentur.
891 749 929 806 lle
951 750 1024 816 aliis,
1048 744 1122 827 quo}

96 850 156 891 rum
180 833 282 907 scriptu
303 850 358 890 non
382 841 483 900 extant,
506 833 689 907 pronunciare
711 834 819 890 nonnisi
842 843 944 892 temere
961 850 1119 909 possumus.

96 919 188 975 Altera
210 918 237 975 in
258 917 406 975 Annalibus
429 917 585 975 coniectura
607 933 662 975 non
684 918 746 992 plus
768 920 912 985 veritatis,r
927 921 1015 978 miuus
1038 922 1120 979 etium

96 1003 295 1079 probabilitatis
317 1002 409 1060 hebet.
446 1002 631 1059 Falsissimum
654 1003 725 1059 enim
748 1013 791 1060 cet
811 1004 941 1061 intextam
963 1007 1033 1063 hanc
1054 996 1121 1081 upt-

95 1089 197 1163 phauio
220 1088 343 1145 lacinium
365 1104 442 1154 esse,
465 1104 527 1145 cum
549 1104 640 1162 noque
662 1089 695 1144 de
717 1088 788 1162 stylo
811 1089 872 1163 ipso
893 1089 1010 1147 dubitari
1030 1092 1120 1165 possit

97 1183 123 1232 et
145 1171 249 1250 qulbus
267 1173 295 1229 id
317 1174 484 1246 argumentis
500 1172 624 1239 eflicitur,
647 1173 714 1231 levia
728 1173 792 1238 siut,
816 1174 871 1230 imo
886 1174 968 1231 nulla.
999 1176 1121 1251 Epiphtss

96 1260 173 1322 nius,
202 1257 304 1332 iuquit,
333 1257 405 1314 libro
427 1258 460 1314 de
481 1259 617 1314 mensuris
639 1274 670 1316 ac
692 1257 859 1332 ponderibus
882 1258 961 1332 plane
984 1262 1120 1318 contrariu

97 1343 199 1418 docuit.
229 1341 331 1399 Scribit
353 1342 440 1399 enim:
463 1343 611 1400 Floroirse
632 1342 782 1416 origenem
804 1360 823 1400 o
845 1346 1014 1417 tenporibus
1038 1340 1120 1402 Decii

95 1444 183 1502 cepoe
206 1430 245 1484 od
268 1425 383 1485 Gallum
405 1436 432 1483 et
457 1427 648 1487 Volusienum.
687 1428 737 1485 Ubi
760 1445 819 1495 vor,
840 1428 946 1499 pontit,
970 1446 1024 1485 non
1047 1429 1119 1487 ider'u

96 1523 138 1571 ort
166 1529 199 1569 ac
224 1514 309 1578 uiuit,
334 1513 382 1568 sed
405 1513 578 1586 splendorem
601 1531 633 1570 ex
655 1514 778 1572 doctrina
800 1514 952 1587 quaesitum
975 1510 1118 1589 significat.

94 1602 129 1656 At
156 1598 182 1654 si
209 1605 281 1654 tum*
295 1598 388 1672 lapsus
416 1607 490 1655 esset
512 1599 658 1672 Origenes,
688 1615 743 1655 non
771 1598 847 1655 illum
869 1599 995 1655 lloruissc
1017 1594 1122 1656 diceret

95 1683 271 1758 Epiphanius.
302 1683 402 1740 Verum
424 1675 569 1757 ἀκμάζειν
590 1694 618 1740 et
639 1683 738 1741 llorere
760 1685 832 1757 apud
849 1683 1037 1758 chronologos
1053 1678 1121 1759 nibil

95 1764 168 1825 aliud
200 1776 244 1824 est
269 1784 349 1842 quam
372 1768 555 1825 commendari
577 1768 657 1842 vulgo
681 1778 708 1825 et
729 1768 868 1843 inaliqua
890 1777 1006 1843 propter
1027 1760 1121 1826 erudi·

95 1854 207 1917 tionem,
231 1860 278 1909 aut
298 1846 425 1910 virtutem
448 1853 565 1910 nominis
588 1853 709 1911 claritate
732 1855 841 1911 versari.
886 1854 961 1910 liano
982 1870 1046 1911 vero
1068 1855 1130 1925 du,

95 1939 199 1995 ctrinao
226 1938 323 1994 lamam
345 1955 377 1996 ao
399 1938 572 2013 splendorem
595 1938 705 2013 Origeni
727 1956 816 2019 neque
838 1940 915 2014 prior
936 1938 980 1995 illa
1002 1939 1120 1997 idolola-
1178 1934 1180 1938 ’

95 2024 163 2080 triae
185 2021 280 2096 culpa,
307 2040 387 2096 quam
409 2024 577 2098 poenitentia
600 2023 731 2091 diluerat,
762 2025 868 2098 eripere
891 2024 999 2092 debuit3
1018 2036 1120 2101 'neque

94 2107 233 2182 posterior
254 2116 295 2164 tot
316 2125 347 2183 ac
370 2118 423 2165 tanr
446 2109 634 2183 multiplicium
654 2110 818 2167 haereseum
840 2108 947 2166 infamia
962 2110 1052 2184 potnit
1067 2126 1120 2184 op-

93 2194 222 2267 primere.
268 2192 369 2250 lleinde
397 2194 464 2250 falso
487 2194 599 2251 Decium
626 2211 676 2268 pro
700 2194 801 2252 Severo
829 2192 873 2250 bie
902 2203 1062 2267 usurpatum
1084 2191 1118 2250 ab

94 2277 245 2352 llpiphanio
274 2278 356 2352 paulo
388 2287 451 2335 ante
479 2279 631 2335 docuimus.
677 2279 832 2335 Secundum
859 2279 927 2335 haec
949 2279 1171 2351 Augustinusast)

93 2362 174 2419 nobis
204 2361 344 2429 obiicitur,
374 2364 421 2436 qui
450 2380 513 2420 oum
541 2363 574 2420 de
598 2364 716 2437 Origene
744 2362 833 2418 omnia
856 2362 890 2418 sit
913 2379 945 2418 er
966 2362 1117 2436 Epiphanio

92 2455 244 2512 mutuatus,
268 2448 301 2504 de
323 2447 482 2521 turpissimo
504 2446 549 2504 illo
573 2448 651 2522 lapsu
666 2446 778 2504 verbnm
794 2446 898 2505 nullum
914 2447 1039 2520 aspersit.
1064 2447 1119 2505 Sed

93 2542 187 2589 utrum
214 2532 268 2589 hoe
295 2533 438 2607 Epiphanii
468 2533 597 2589 adversus
627 2531 759 2589 llaereses
787 2532 956 2588 lutulentum
985 2549 1054 2606 opus
1083 2530 1117 2590 ab

93 2617 247 2691 Augustino
275 2617 377 2674 lectum
404 2618 502 2682 luerit,
532 2625 647 2692 propter
674 2633 720 2674 eas
743 2633 852 2674 caussas
876 2616 992 2674 dubitari
1015 2622 1116 2692 potest,

93 2718 163 2778 quaa
187 2702 215 2758 in
236 2703 414 2775 praelatione,
437 2719 518 2777 quam
541 2702 623 2776 Operi
645 2703 696 2779 ipsi
717 2702 908 2777 praebuimus,
932 2703 965 2759 ad
986 2700 1119 2761 lectoreu't

94 2785 222 2860 pluribus
243 2796 308 2844 sunt
329 2804 344 2843 a
366 2787 446 2844 nobis
469 2788 616 2863 expositae.
647 2782 759 2845 Frustra
780 2788 872 2863 igitur,
893 2798 926 2848 ut
944 2789 1053 2862 quidem
1068 2796 1120 2864 ap‘e

92 2881 181 2945 parat,
206 2870 338 2948 solicitata
362 2882 403 2930 est
425 2873 453 2930 in
468 2872 616 2930 Annalibus
632 2873 794 2930 narrationis
809 2874 891 2939 illius,
915 2874 1049 2947 istiusque
1064 2873 1119 2931 loci

92 2955 176 3023 heles,
205 2972 266 3014 cum
295 2957 368 3014 nulla
396 2959 429 3014 ud
457 2974 516 3015 eam
545 2958 757 3016 labefactandam
786 2960 851 3016 satis
880 2959 957 3015 lirum
986 2960 1054 3015 ratio
1082 2959 1119 3015 sit

92 3041 181 3099 allate.
242 3067 245 3075 ·
527 3069 529 3074 .
1015 3066 1017 3072 s
1109 3054 1112 3069 ²

180 3126 284 3184 truh.
315 3119 332 3184 ὃ
355 3121 390 3184 δὲ
409 3121 598 3203 βουλόμενος
619 3124 661 3197 εἷς
682 3123 809 3203 ἐκείνου]
841 3128 954 3202 Vulgata
969 3135 1011 3183 est
1027 3126 1117 3184 histo-

91 3211 130 3268 rie
159 3210 205 3268 illa
235 3211 403 3270 desoncssu
431 3214 528 3289 Tyrio,
558 3214 647 3288 deque
670 3216 709 3274 28
740 3215 816 3271 aunis
844 3211 881 3268 ibi
910 3211 1053 3268 transactis
1082 3209 1115 3267 ab

92 3296 219 3371 Origene,
244 3313 305 3354 cum
328 3314 420 3355 sacros
432 3298 551 3356 ¹codices
567 3300 802 3374 interpretaretur.
834 3296 919 3366 Quum
935 3312 967 3352 ex
982 3296 1035 3352 hoc
1050 3295 1117 3369 Epi·

90 3380 185 3456 phanii
206 3382 270 3438 luco
291 3390 319 3439 ct
340 3401 373 3440 ex
394 3382 442 3441 lib.
465 3383 500 3440 de
515 3384 604 3459 pond.
629 3400 660 3440 ae
682 3394 769 3440 mens.
786 3381 952 3455 Clnmuologi
969 3389 1051 3454 atquc
1066 3362 1116 3437 llll

91 3465 186 3524 storiui
207 3467 415 3526 transtulerunt.
446 3467 500 3524 Sed
522 3470 589 3526 haee
611 3467 706 3525 vellem
729 3467 774 3524 isti
796 3467 947 3524 accuratius
970 3465 1138 3541 expendisse,

92 3560 163 3618 mh
187 3566 219 3609 ac
240 3566 302 3609 curu
325 3554 410 3628 gestis
433 3553 557 3628 brigenis
580 3552 810 3611 conuenite
835 3551 1024 3609 eontulissent.
1055 3542 1165 3609 Nou¹*‘¹³'

91 3636 164 3701 euius
178 3635 343 3699 dubitamus
365 3638 430 3713 quin
452 3648 527 3696 mera
549 3637 639 3696 labala
661 3639 710 3707 sit,
743 3637 825 3714 idque
847 3636 931 3696 certis
954 3645 1035 3712 atque
1057 3636 1115 3696 etl-¹
