2534 4154
164 284 228 356 302
548 380 554 392 ,
618 297 733 348 erratu
786 300 789 305 ·

163 445 257 529 eriotqr
261 471 317 521 ten,
346 447 434 526 δῶρα
455 451 498 531 τῶ
518 448 585 532 θεῷ
607 445 793 526 κομίζοντες,
817 445 903 528 dtipn
924 443 1048 508 πάντων
1071 447 1182 527 τιμιώ-

162 557 252 613 repe,
281 531 335 604 τὰς
362 529 467 610 ψυχὰς
494 537 557 592 τῶν
566 509 819 634 πεπλανημένων
838 529 1102 612 ἓπαναγαγόντες
1131 539 1181 595 Hic

163 624 289 680 Erasmus
312 621 392 679 rerba
413 621 457 678 illa
480 617 522 689 εἰς
542 640 597 696 την
618 617 761 679 ἐπιοῦσαν
782 611 905 688 ainaim
919 630 1045 686 verterat,
1067 623 1099 679 in
1114 641 1180 679 cra·

162 710 239 764 atina
262 708 460 763 communione.
490 708 567 775 Quod
590 707 687 763 merito
709 706 905 780 reprehensum
928 723 943 761 a
965 706 1105 763 Frontone
1128 726 1182 766 no-

116 804 118 811 ’
163 802 236 859 stro,
265 809 370 866 proque
398 793 597 847 communionis
625 791 754 847 vocabulo
783 790 928 846 substituta
959 809 1008 848 von
1036 794 1180 850 collectae.

164 878 304 951 Displicuit
326 877 392 932 baec
415 876 565 933 emendatio
584 875 752 947 Casaubono,
776 876 821 948 qui
845 893 906 932 eum
921 876 1032 932 Erasmo
1047 855 1182 947 adraim
1209 913 1211 918 -

163 962 216 1018 illie
244 961 460 1017 communionem
490 978 550 1016 esse
573 959 705 1024 defendit,
736 979 768 1017 eo
791 962 877 1016 iratus
895 970 1075 1034 ..argumento
1106 965 1180 1036 quod

164 1047 296 1111 donorum
326 1045 442 1121 oblatio,
472 1046 505 1102 de
532 1045 630 1119 quibus
651 1046 773 1120 loquitur
795 1045 1017 1118 Chrysostomns,
1046 1047 1182 1104 Euchari-

108 1180 110 1185 .
163 1131 241 1187 stiam
269 1131 401 1204 designet.
446 1130 499 1186 Sed
529 1131 595 1186 urire
624 1139 667 1186 est
689 1129 777 1186 Critiei
801 1130 870 1186 illius
893 1123 1068 1205 ἀπροσεξιά.
1113 1133 1179 1191 Nam

164 1211 250 1292 δῶρα
271 1216 319 1271 ista
344 1233 398 1272 nan
422 1224 486 1270 sunt
508 1216 584 1288 panis
608 1225 635 1272 et
657 1215 755 1278 vinnm,
779 1232 847 1288 quae
870 1215 904 1270 ad
918 1215 1114 1273 Eucharistiam
1130 1221 1183 1275 ad-

163 1300 306 1366 hibentur,
335 1310 382 1357 aut
403 1299 570 1356 Eucharistia
592 1300 666 1372 ipsa,
696 1301 742 1355 sed
766 1300 892 1355 nimirum
914 1300 1026 1356 fratrum
1049 1311 1077 1358 et
1101 1303 1180 1359 ctnt„

162 1386 310 1443 stienorum
334 1384 447 1450 animae,
471 1384 569 1457 quibus
583 1385 624 1440 ed
641 1385 756 1458 Synaxiu
779 1385 942 1441 adducendis
965 1395 992 1442 et
1014 1403 1182 1445 conservan-

163 1471 202 1526 dis
224 1479 256 1526 nt
277 1470 413 1533 studeant,
437 1469 574 1526 auditores
596 1487 663 1524 suos
685 1468 856 1526 admonebat.

247 1555 388 1611 Proximus
410 1563 452 1610 est
474 1544 616 1627 Epiphanii
638 1554 683 1611 ille
704 1554 762 1627 ipse
784 1554 877 1620 loeus,
901 1571 982 1626 quem
1004 1573 1071 1628 prae
1093 1558 1181 1612 meni-

161 1638 212 1696 bus
241 1639 388 1702 trahemus,
417 1639 445 1694 in
475 1656 528 1711 quo
552 1639 669 1713 Synaxes
698 1639 735 1695 ait
757 1657 789 1697 ex
809 1639 964 1712 Apostolica
986 1641 1131 1698 traditione
1153 1643 1179 1698 in

162 1725 255 1781 leriam
285 1734 407 1797 quartam
436 1733 463 1780 et
491 1725 668 1780 Parasceuem
696 1741 727 1780 ae
757 1724 921 1781 Dominiearu
954 1724 1090 1798 incidere:
1124 1727 1181 1782 Hic

157 1817 250 1882 potest
272 1810 398 1864 dubitari
421 1808 584 1879 (Casauboni
606 1809 684 1865 verba
708 1814 784 1880 sunt)
813 1826 852 1864 an
872 1810 1038 1881 simpliciter
1059 1828 1180 1867 clonae—n·

162 1901 205 1948 tas
227 1895 304 1947 sacri
325 1894 531 1963 intelliqantnr,
555 1895 593 1948 acl
613 1896 728 1949 cerium
746 1895 915 1950 audiendam
931 1901 956 1949 et
972 1897 1119 1960 orandam,
1142 1914 1183 1952 cn

161 1978 246 2031 etiam
277 1979 311 2032 cle
341 1995 445 2032 coenae
476 1977 592 2034 Domini
623 1980 809 2035 celebratione
841 1981 960 2034 senserit
989 1979 1179 2052 Epiphanius.

161 2062 245 2119 Ratio
273 2063 422 2117 dubitandi
435 2118 437 2125 ,
450 2063 541 2117 oritur
569 2079 604 2117 ec
631 2064 824 2118 observatione
846 2065 960 2120 diversa
981 2073 1105 2120 aeterum
1126 2066 1181 2122 Ec·

162 2148 319 2202 elesiarnm.
349 2145 433 2211 Nam,
455 2156 486 2200 at
507 2154 626 2219 testator
640 2147 780 2215 Socrates,
800 2150 954 2221 pleraeque
977 2166 1071 2205 omnes
1088 2158 1180 2207 terrc-

160 2249 223 2287 rnm
245 2233 321 2287 orbis
334 2231 480 2288 Ecclesiae
504 2239 530 2286 et
550 2230 595 2286 lais
618 2233 713 2288 diebus
737 2241 764 2288 et
784 2231 919 2290 sabbatis
941 2235 1025 2289 etiam
1047 2236 1086 2290 ad
1108 2235 1181 2307 Syn·

161 2333 230 2372 anes
259 2319 476 2380 connectebant,
504 2317 535 2372 in
560 2317 660 2389 quibas
681 2319 814 2388 mysteria
837 2321 1063 2375 celebrabantur.
1108 2321 1180 2379 Haec

160 2402 215 2458 ille.
259 2401 312 2458 Sed
341 2401 415 2475 quod
437 2401 575 2457 Socratem
604 2403 736 2463 affirmare
758 2402 824 2459 dicit
842 2404 870 2459 in
892 2404 1029 2477 plerisque
1053 2405 1181 2463 omnibus

161 2495 294 2543 terrarum
317 2486 391 2542 orbis
414 2487 540 2543 Ecclesiis
556 2487 675 2560 Synases
699 2496 726 2544 et
740 2488 865 2562 Mysteria
887 2488 952 2544 feria
975 2499 1081 2563 quarta,
1105 2500 1179 2547 sexta

162 2580 190 2627 et
212 2570 330 2627 Sabbata
353 2572 499 2637 celebrari,
522 2571 695 2629 falsissimum
718 2582 768 2628 est.
814 2572 851 2629 be
872 2572 998 2636 Sablaatis
1020 2574 1047 2630 id
1069 2574 1182 2651 quidem

161 2664 219 2712 toto
242 2655 309 2711 orbe
331 2656 536 2717 usitatissimum
560 2673 629 2726 esse,
653 2657 675 2719 si
692 2657 835 2715 Romanam
851 2658 998 2714 Ecclesiam
1021 2667 1051 2717 et
1064 2660 1183 2716 Alexan-

160 2739 262 2794 drinam
287 2741 434 2814 exceperis,
459 2741 538 2798 docet
559 2740 628 2799 libro
651 2741 706 2807 illo,
731 2760 811 2815 quem
835 2742 1009 2799 Gasaubouus
1032 2745 1107 2808 citat,
1131 2745 1181 2801 lli-

150 2823 260 2883 ¹sturiae
284 2824 312 2888 5,
330 2826 379 2896 21.
410 2825 487 2894 Quod
509 2835 599 2882 autem
620 2827 685 2883 feria
707 2837 804 2901 quarta
819 2837 925 2885 sextove
941 2827 1061 2901 Synaxes
1076 2839 1104 2887 et
1120 2848 1184 2904 my÷

160 2917 242 2965 steria
266 2908 400 2966 celebrata
422 2911 531 2974 luerint,
555 2928 687 3004 nusquam
710 2912 838 2985 prodidit.
869 2913 938 2982 Quin
956 2915 1048 2986 potius
1063 2913 1097 2970 de
1113 2915 1180 2972 solis

129 3056 136 3071 ,Ι
158 2993 344 3052 Alexandrinis
366 2994 391 3050 id
415 2996 506 3066 relect,
531 2995 620 3051 omnia
642 2995 712 3070 apud
734 2997 805 3062 illos,
828 2997 938 3070 quaein
955 2997 1181 3074 Synanibusgeri
1249 3052 1251 3059 .

159 3097 218 3137 mos
241 3089 292 3145 est,
316 3089 424 3153 praeter
445 3080 572 3154 mysteria
588 3097 618 3136 ac
634 3081 772 3145 sacrificia,
796 3081 877 3138 biduo
893 3081 939 3139 illo
954 3082 1057 3156 perfici.
1089 3082 1182 3154 Quare

160 3181 249 3239 neque
278 3181 310 3221 en
337 3165 503 3240 Epiphanio,
519 3182 621 3240 neque
651 3184 683 3221 ex
711 3166 823 3226 Socrate
851 3166 947 3224 confici
976 3177 1086 3240 potest,
1115 3169 1181 3226 feria

159 3259 254 3324 quarta
278 3258 306 3306 et
326 3249 478 3308 Parasceue
501 3250 667 3310 Christianos
691 3251 880 3324 augustissima
903 3252 946 3308 illa
963 3252 1094 3309 bominiei
1111 3254 1182 3312 Cor-

158 3336 234 3407 poris
256 3351 331 3408 sacra
355 3334 517 3392 celebrasse.
548 3334 624 3405 Qtiod
646 3344 737 3391 utrum
759 3335 868 3392 aliunde
890 3336 978 3411 colligi
1001 3340 1106 3412 possit,
1130 3356 1182 3396 an-

159 3427 268 3492 tequam
297 3420 420 3493 disputo‚
449 3421 525 3495 prius
554 3437 631 3477 error
659 3420 703 3476 ille
732 3420 903 3496 castigandus
932 3431 990 3489 est,
1019 3440 1100 3496 quem
1124 3441 1181 3482 non

159 3503 247 3559 solum
271 3503 462 3569 Casanbonus,
493 3503 541 3562 sed
571 3513 598 3560 et
625 3504 669 3562 alii
696 3505 802 3579 pridem
825 3507 861 3580 pii
883 3515 913 3563 et
934 3506 1031 3564 eruditi
1053 3509 1182 3567 homines

159 3586 299 3645 imbibisse
320 3589 460 3649 ridentur:
485 3590 511 3645 in
536 3589 662 3647 omnibus
678 3589 827 3666 Synenibus
843 3591 1032 3666 Mysterioram
1055 3593 1181 3651 celebre-
1254 3599 1260 3612 '
