2534 4154
471 348 760 400 aunnuvuustoucs.
1080 338 1116 397 21

116 505 162 560 dus
189 505 288 576 ipsius.
334 504 385 571 Qui
413 505 594 576 posteriorem
617 513 717 560 sectam
741 513 850 570 tenent,
881 504 1014 562 cherenr
1038 508 1130 563 dicunt

113 589 202 646 afflatu
219 587 383 662 Prophetico
405 590 591 662 praesensisse
608 591 763 646 divisionem
779 590 860 655 illam,
885 609 965 665 qnam
980 601 1043 666 post
1058 592 1131 646 Pha-

111 675 163 748 legi
186 682 277 730 ortum
300 673 449 746 quamlibet
470 674 559 748 longe,
584 676 693 748 impune
717 683 790 730 certe
813 685 991 732 summovent.
1024 676 1130 732 Tertius

109 759 267 832 aPhaiego
291 758 395 814 Seruch
418 767 474 824 est;
505 761 551 834 qui
576 777 646 814 anno
670 759 740 832 apud
763 760 872 816 Latinos
895 762 990 827 aetatis
1016 764 1053 820 30
1077 762 1132 817 Na-

109 845 223 902 ehorem
252 844 361 916 genuit,
392 861 453 900 cunr
475 845 577 918 Phalcg
600 847 639 901 92
673 854 775 918 ageret.
822 846 910 922 Quare
933 846 984 902 sub
1007 846 1130 903 Serucho

108 931 193 986 turris
223 927 356 984 aedificari
385 929 482 1001 potuit.
527 930 626 985 Verum
656 930 708 985 hoo
731 930 796 984 Lxx
819 930 962 986 Saniorum
991 932 1131 988 ratiocinia

106 1032 164 1072 non
186 1015 288 1070 ferunt.
329 1014 394 1068 Nam
417 1013 449 1069 ab
473 1015 652 1088 ortuPhaleg
674 1014 707 1069 ad
723 1014 874 1070 Seruchum
888 1018 960 1100 ,anni
981 1026 1045 1072 sunt
1060 1017 1131 1089 apud

107 1101 229 1156 Graecos
253 1100 323 1156 262.
369 1099 438 1153 Vixit
466 1108 556 1154 autem
584 1100 687 1172 Phaleg
715 1117 801 1154 annos
829 1117 884 1154 non
914 1102 1028 1173 amplius
1058 1104 1128 1158 239.

105 1185 167 1240 Non
197 1192 290 1257 potest
311 1184 395 1257 igitur
417 1183 467 1238 suh
492 1184 614 1240 Serueho
639 1185 752 1240 excitata
776 1201 836 1239 esse
860 1186 953 1250 turriS,
977 1187 1000 1241 si
1022 1188 1129 1260 quidem
1145 1194 1170 1242 u

105 1271 166 1326 vivo
190 1269 280 1324 adhuc
301 1269 430 1342 Phalego‚
458 1271 535 1324 etin
558 1271 656 1325 dicbus
679 1270 739 1324 mus
762 1270 855 1324 dicito
876 1272 912 1324 eit
935 1279 1021 1326 terro.
1066 1272 1129 1327 ideo

105 1353 274 1421 πλυτυκῶς
293 1353 460 1427 Epiphanius
484 1354 564 1420 dixit,
595 1346 665 1432 ἄχρι
687 1354 742 1410 τοῦ
763 1347 898 1432 πύργου,
921 1350 971 1410 καὶ
993 1356 1050 1411 τοῦ
1073 1351 1131 1411 Σε-

107 1431 204 1516 ροῦχ,
228 1439 290 1512 quia
312 1439 462 1494 seeundum
484 1441 568 1495 turris
585 1439 798 1509 aedificationem
821 1439 935 1495 Seruehi
961 1440 1130 1513 temporibus

106 1523 264 1580 Idololatria
286 1532 407 1597 grassata
430 1531 480 1579 est.
581 1524 586 1533 ’

194 1609 437 1665 Animadvertenda
467 1617 493 1664 et
524 1609 576 1663 hoc
604 1609 681 1674 loeo,
712 1618 739 1664 et
761 1608 823 1663 alibi
846 1609 960 1682 sparsim
984 1608 1130 1663 constituta

106 1693 182 1768 apud
204 1683 382 1766 Epiphanium
403 1693 554 1768 ,religionis
578 1711 607 1748 ac
630 1702 765 1748 sectarum
788 1693 954 1766 progressio.
994 1692 1130 1765 Principio

106 1779 182 1835 enim
197 1777 395 1833 barbarismum
418 1779 451 1833 ab
474 1777 548 1834 orbis
571 1778 647 1833 initio
672 1779 703 1833 ad
720 1778 851 1833 Diluvium
875 1779 1027 1835 decurrisse
1043 1785 1129 1850 putat.

105 1864 175 1919 hrde
198 1862 230 1917 ad
253 1872 343 1918 ortum
366 1862 480 1918 Seruehi
503 1863 695 1936 Scythismurn.
726 1865 747 1918 A
770 1863 892 1919 Serucho
916 1864 1043 1936 deinceps
1065 1862 1131 1918 Hel-

104 1948 241 2005 lcnismus
263 1947 389 2003 obtinuit.
421 1948 488 2002 Tum
510 1947 747 2004 Abraamiaeorum
771 1948 803 2003 ab
819 1947 951 2003 Abraanro
968 1956 1049 2004 secta.
1078 1947 1132 2002 Ex-

105 2033 172 2089 tnde
195 2032 344 2088 Iudaismus
368 2032 400 2088 ab
424 2050 494 2088 anno
509 2033 682 2089 Patriarchae
706 2035 756 2090 99.
788 2033 862 2102 Quae
884 2032 993 2107 partitio
1017 2033 1130 2088 maxime

106 2118 144 2175 oh
169 2117 351 2189 Scythismum
380 2118 513 2173 fautorem
541 2135 584 2173 me
613 2136 669 2174 non
697 2119 788 2174 habet.
834 2118 927 2191 Neque
957 2119 1028 2173 enim
1050 2117 1130 2172 fando
1173 2123 1176 2129 '

104 2219 230 2276 unquam
254 2212 296 2257 est
321 2203 441 2258 auditum
463 2203 557 2258 Nodmi
578 2212 705 2276 posteros
721 2213 783 2259 ante
801 2204 896 2258 turrim
913 2202 1047 2258 conditam
1063 2202 1131 2274 Scy·
1203 2216 1208 2278 ᾗ

106 2289 171 2344 thas
195 2287 353 2360 appellatos,
378 2295 424 2342 aut
447 2287 504 2343 aliis
528 2288 654 2363 denique,
678 2305 758 2362 quarn
782 2288 907 2360 Scythiae
930 2286 1041 2351 ineolis,
1068 2295 1131 2359 post
1227 2326 1233 2343 ,

105 2372 250 2443 nationum
265 2372 360 2444 utique
375 2372 495 2437 divortia,
510 2372 670 2446 Scytharum
686 2372 846 2427 vocabulum
863 2370 1032 2426 attributum.
1056 2371 1131 2425 Hunc

104 2457 259 2530 Epiphanio
282 2457 456 2530 partitionem
477 2457 584 2531 peperit
607 2466 701 2530 arguta
724 2457 768 2511 illa
783 2456 859 2510 Pauli
874 2455 1072 2526 interpretatio,
1098 2455 1128 2509 ad

105 2543 226 2605 Romi,
249 2541 296 2597 uhi
311 2541 499 2605 turbaremur,
524 2541 694 2614 Scytharum,
719 2541 891 2604 Graecorum,
915 2538 1130 2613 indecorumque

105 2627 139 2683 fit
163 2626 275 2682 mentio.
313 2626 367 2682 Sed
389 2643 469 2699 quam
492 2626 595 2682 alienus
618 2626 650 2682 ab
670 2624 816 2699 ¹Epiphanii
838 2632 929 2680 mente
952 2624 986 2679 sit
1007 2625 1131 2698 Apostoli

104 2713 187 2768 locus
209 2710 262 2776 ille,
287 2728 330 2766 res
353 2711 412 2785 ipsa
434 2710 564 2783 loquitur.

195 2795 215 2856 9
232 2813 255 2851 c.
285 2787 444 2873 Ζεμβρὰν,
468 2793 517 2852 καὶ
537 2787 642 2869 Ἰἕζυν]
667 2794 798 2850 Hebraiee
814 2795 905 2850 leesan
921 2795 987 2849 LXX
1006 2784 1129 2849 Ἴεκτάν.

106 2881 170 2936 Mox
186 2872 348 2956 Ἔμμυδὲμ
376 2889 503 2953 corrupte
530 2882 601 2954 apud
622 2880 800 2954 Epiphaniam
820 2897 870 2953 pro
893 2868 1022 2935 Medeia.
1066 2878 1131 2933 Lux

106 2955 242 3023 Medda.
1159 2950 1165 2963 ’

198 3050 258 3107 oo.
300 3045 331 3117 ἒξ
361 3033 406 3106 ὧν
433 3041 465 3104 oi
494 3044 604 3126 φυλαὶ]
648 3050 686 3104 lie
722 3050 934 3105 Sarracenorum
963 3045 1075 3123 φυλαῖς
1101 3052 1130 3108 'et

107 3127 283 3214 φυλάρχοις
304 3135 432 3209 frequens
456 3135 527 3208 apud
549 3134 711 3208 Procopium
737 3134 859 3208 aliosque
881 3132 992 3187 mentio.

200 3223 237 3276 to
254 3235 277 3274 a.
308 3214 339 3287 ἐξ
362 3202 457 3296 οὗπερ
480 3212 629 3293 πέμπτος]
653 3219 690 3274 De
713 3219 770 3274 lobi
793 3219 877 3291 stirpe
900 3224 927 3271 et
949 3215 1052 3288 origine
1075 3230 1128 3268 non
1162 3225 1164 3229 ’

106 3302 206 3360 eadem
232 3303 283 3359 fuit
305 3305 477 3379 antiqnomm
501 3302 601 3377 opinio.
632 3303 686 3359 Sed
707 3320 787 3376 qnam
809 3300 974 3375 Epiphanius
997 3298 1129 3370 sequitur,

107 3406 142 3446 ea
164 3390 326 3453 communis,
351 3389 518 3462 maximeque
540 3388 687 3462 probabilis
710 3396 767 3443 est:
790 3386 837 3442 iob
862 3385 975 3440 eundem
993 3400 1053 3438 esse
1069 3398 1131 3438 erim

107 3472 205 3539 iohah,
228 3474 262 3530 de
286 3491 340 3546 quo
363 3475 461 3530 Genes.
487 3475 535 3538 36,
554 3476 602 3531 33.
638 3472 716 3540 Quod
738 3472 764 3526 in
786 3470 910 3526 Editione
932 3469 997 3524 LXX
1019 3468 1053 3523 ad
1075 3469 1132 3524 cal-

107 3574 170 3615 cem
194 3558 268 3615 Libri
290 3557 337 3615 lob
360 3559 518 3615 adnotatum
541 3566 591 3623 est,
616 3547 694 3613 ὥστε
718 3545 792 3612 εἶναι
809 3545 903 3610 αὐτὸν
917 3546 1055 3628 πέμπτον
1070 3544 1130 3608 ἀπὸ

100 3636 268 3722 Ἀβραὰμ,
292 3643 400 3700 excluso
423 3643 526 3700 scilicet
548 3641 696 3709 Abraam03
726 3650 757 3697 ut
778 3639 943 3715 Epiphanius
965 3639 1132 3712 interpreta-
