2534 4154
112 308 151 351 xl·
220 353 223 360 ,
528 307 552 357 S.
571 305 719 356 tutentntt

113 463 212 518 iterum
235 460 376 534 Epiphanii
398 460 519 519 meminit
534 461 721 534 Hieronymus,
745 477 796 518 neo
817 461 875 517 sine
898 464 1135 524 commendatione

110 545 256 605 monastici
278 553 366 601 status
387 544 420 603 ab
444 562 476 601 eo
500 545 527 602 in
543 545 631 620 Cypro
653 546 803 620 propagati.
834 545 902 604 &aa
924 548 995 603 enim
1010 548 1134 618 dixisset,

114 630 187 704 quod
210 639 302 690 sanata
324 629 368 687 illa
391 631 468 687 vidua
491 630 704 704 Hierosolymam
728 631 870 705 nauigans,
901 639 984 706 “post
1006 633 1133 692 Rhodum

114 724 142 772 et
163 715 269 789 Lyciam
291 715 401 770 tandem
423 715 486 771 viilit
510 715 635 790 Cyprum,
659 715 705 771 ubi
727 716 815 773 saneti
835 725 864 772 et
885 717 1043 774 uenerabilis
1064 720 1134 794 upt-

113 800 205 873 phanii
226 799 342 873 pedibus
363 800 514 872 provoluta,
537 801 629 856 ileoem
652 799 685 855 ab
709 817 742 856 eo
765 800 860 857 (liebus
874 810 980 859 retentu
996 813 1053 877 esta
1076 823 1133 863 non

113 886 141 942 in
162 885 353 948 relectionem,
377 894 408 941 ut
429 885 472 941 ille
495 885 690 949 arbitrabatur,
713 887 811 944 sedin
833 904 903 959 opus
926 887 1003 944 ltel’:
1027 899 1067 945 nt⁴
1080 891 1135 948 boa

112 970 203 1044 reipsa
217 968 387 1043 comprobet,
412 971 530 1034 “omuia,
554 971 650 1045 iuquit,
670 971 741 1027 illius
755 970 808 1029 loci
823 975 987 1028 monasteria
1002 974 1133 1041 lustrans,

113 1063 195 1128 prout
210 1055 308 1126 potuit,
332 1054 469 1127 refrigeria
485 1065 642 1128 sumptuum
657 1054 785 1112 iratribus
801 1055 955 1131 dereliquit,
970 1075 1040 1130 quos
1056 1076 1136 1116 aanor

112 1140 198 1196 sanati
227 1140 274 1194 viri
297 1139 330 1194 de
354 1147 412 1196 toto
434 1139 498 1196 illua
520 1139 586 1196 orbe
610 1140 800 1196 conduxerat''.
845 1140 910 1196 Erat
932 1152 1022 1200 autem
1045 1161 1133 1201 annus

114 1226 174 1284 384
198 1225 305 1297 quando
328 1224 380 1280 boa
394 1224 525 1298 »contigit
548 1224 588 1280 nti
613 1224 845 1282 tolerantiae
871 1225 961 1282 Vitam
976 1228 1004 1284 S.
1021 1229 1136 1285 Paulae

111 1309 338 1383 ‹linimuszapuil
360 1324 441 1384 quam
464 1310 533 1365 idem
549 1309 577 1365 S.
593 1309 761 1383 Epiphanius
776 1310 875 1366 llomae
899 1320 957 1367 arat
979 1314 1135 1386 hospitatus

112 1413 184 1452 anno
209 1396 284 1458 382,
314 1383 421 1468 quando
453 1411 529 1457 eum,
559 1411 620 1450 oum
649 1395 749 1451 sanatis
772 1395 883 1452 Paulino
905 1397 1076 1455 Antiocheno
1106 1408 1134 1456 et

112 1480 292 1553 Hieronymo,
324 1480 455 1534 “Romam
484 1471 680 1535 ecelesiastica
693 1481 771 1536 traxit
792 1481 968 1546 necessitas,’'
991 1483 1030 1538 uti
1051 1484 1134 1540 etiam

112 1565 207 1622 scribit
222 1565 402 1638 Hieronymus
426 1564 453 1618 in
476 1563 569 1618 eadem
589 1563 650 1620 Vita
666 1565 695 1622 S.
712 1565 837 1637 Paulam·
861 1566 962 1622 addens
977 1567 1051 1639 quod
1065 1569 1133 1627 baec

112 1660 229 1708 “eorum
251 1665 365 1706 accensa
386 1647 545 1712 virtutibus,
569 1665 619 1722 per
640 1658 775 1706 momenta
798 1650 911 1722 patriam
933 1652 1061 1709 deserere
1083 1672 1137 1711 ao·

111 1736 228 1808 gitabat;
252 1751 307 1789 non
330 1732 435 1797 domus,
458 1750 514 1789 non
535 1732 693 1799 liberorum,
718 1751 773 1791 non
795 1736 918 1801 familiae,
941 1753 997 1792 non
1019 1755 1136 1810 posses-

112 1822 228 1883 sionum,
252 1835 307 1873 non
330 1817 444 1873 alicuius
466 1818 505 1874 rei
521 1835 590 1891 quae
606 1819 638 1874 ad
654 1820 791 1876 saeculum
806 1823 926 1893 pertinet
940 1838 1061 1889 memor;
1085 1841 1134 1880 soae

110 1904 190 1975 laque
213 1903 235 1956 si
258 1901 310 1957 alini
331 1910 423 1974 potest
445 1911 474 1958 et
495 1904 659 1969 incomitata,
683 1905 715 1960 ad
739 1916 859 1961 eremum
882 1905 1028 1962 Paulnrum
1050 1917 1134 1981 atque

109 1987 290 2043 Antoniorum
312 2002 427 2059 pergere
450 1987 597 2060 gestiebat:
622 1991 784 2065 tandemque
808 1999 899 2047 eraota
915 1990 1013 2056 bieme,
1036 1995 1135 2066 aperto

109 2072 187 2143 mari,
210 2069 387 2127 redeuntibus
410 2072 444 2127 ad
466 2073 593 2128 aeclesias
616 2091 678 2129 suas
702 2075 845 2148 episcopis,
870 2085 897 2132 et
919 2076 978 2149 ipsa
992 2085 1054 2134 vato
1070 2095 1133 2134 oum

111 2157 149 2212 eis
172 2173 202 2212 aa
225 2156 361 2212 desiderio
384 2157 542 2230 navigavit”.
574 2158 638 2214 Tam
661 2159 754 2216 elliam
776 2161 848 2234 apud
870 2178 929 2218 eam
951 2161 1002 2218 luit
1017 2164 1136 2236 hospitis

111 2242 272 2298 sanctissimi
294 2241 338 2316 pia
361 2242 539 2299 conversatio.
636 2280 639 2285 -

535 2481 643 2538 aanor
666 2460 721 2537 ru(

110 2598 282 2654 Liberalitas
304 2599 461 2672 Epipausa·
489 2617 557 2671 erpa
582 2617 742 2673 pauperes:
756 2598 757 2602 ’
771 2609 886 2657 mutuae
913 2603 988 2658 inter
1016 2619 1078 2658 eum
1105 2611 1133 2659 et

321 2684 456 2765 loannem
478 2685 767 2756 Hierosolymitanam
788 2688 927 2757 quarelae.

199 2837 245 2892 15.
276 2834 303 2890 Si
326 2852 378 2907 qua
400 2834 467 2890 fides
491 2845 563 2891 esset
585 2837 827 2910 pserulepigrapbis
844 2836 871 2892 S.
887 2836 1030 2910 Epiphanii
1044 2840 1130 2906 Actis,

110 2919 252 2975 dicendum
276 2919 354 2984 loret,
379 2919 530 2975 ordinatum
553 2919 637 2976 luisse
660 2921 827 2994 episcopum,
851 2929 963 2993 propter
985 2921 1133 2979 revelatio·

109 3021 171 3062 nem
194 3003 228 3060 da
250 3021 282 3060 eo
306 3004 401 3059 laetam
424 3003 452 3061 S.
468 3004 576 3078 Pappa,
602 3005 730 3078 episeopo
754 3004 873 3078 Cytriae,
896 3006 991 3077 quinto
1014 3006 1131 3062 a·Sala-

109 3090 181 3145 mina
210 3088 350 3153 milliario,
388 3105 520 3144 annorum
554 3089 748 3162 quinquaginta
777 3089 935 3162 episcopatu
964 3098 993 3146 et
1018 3091 1132 3148 conlas-

109 3174 193 3232 sionis
221 3191 282 3230 aum
305 3173 412 3230 Gelasio
435 3174 640 3230 Salaminiorum
671 3175 799 3247 episcopo
828 3173 919 3231 obitae
938 3173 1025 3248 gloria
1047 3193 1131 3251 prae-

109 3260 231 3323 cellenti,
261 3260 303 3316 aui
332 3259 522 3332 metropolitae
549 3260 611 3315 novi
640 3259 854 3332 designationem
881 3259 1002 3334 episcopi
1028 3263 1133 3320 eaeteri-

108 3343 514 3418 provinaialesoommiserant.
559 3344 597 3400 lle
620 3343 648 3400 S.
665 3344 757 3417 Pappa
786 3344 895 3420 quidem
921 3346 987 3403 satis
1010 3355 1126 3412 constat,

94 3446 169 3485 ‚aium
193 3429 274 3486 bodie
297 3446 406 3504 qunque
429 3429 500 3505 apud
523 3428 636 3502 Cyprios
657 3428 710 3487 ooli
731 3446 780 3503 pro
804 3440 913 3496 sanato,
939 3431 990 3488 sub
1012 3431 1128 3504 eiusque

106 3513 216 3570 nomine
237 3514 328 3570 adbuc
349 3531 460 3571 manere
482 3513 612 3586 oppidum
630 3513 704 3589 quod
719 3515 777 3572 eius
792 3515 857 3572 olim
872 3516 922 3573 luit
936 3517 1125 3590 episcopatus:

107 3598 177 3654 diem
205 3599 287 3654 annui
315 3598 404 3656 cultus
434 3597 522 3655 adbuc
551 3598 706 3672 ignoramus
736 3608 764 3655 et
792 3611 917 3674 aptamus
944 3600 1061 3657 discere:
1092 3601 1133 3659 aa
