2534 4154
143 304 202 364 112
598 316 711 365 return

225 474 281 530 301
302 490 324 526 c.
356 463 426 528 ὡσεὶ
449 465 584 545 μέμυκος
612 465 661 525 καὶ
690 458 919 545 πεμφρηδόνος]
959 467 1038 537 Quotl
1065 468 1163 524 insecti

139 576 225 632 genus
248 557 283 613 sit
297 549 397 630 μίμαξ
412 556 526 611 viderint
543 556 650 611 eruditi.
682 555 813 627 Suspicor
829 554 881 626 leg.
897 548 1063 624 βέμβυκος,
1088 553 1163 626 quod

139 642 298 716 vocabulum
316 659 377 696 eum
392 642 596 714 pemphredone
613 641 752 712 coniungit
769 639 901 694 Nicander
917 638 1037 710 Alexipli.
1054 656 1078 694 v.
1094 640 1161 697 183.

139 721 279 800 μέλισσαι
308 720 514 803 σεμφρηδιὸν,
544 719 658 802 σφῆκές
686 743 716 780 τε
745 721 795 778 καὶ
829 720 861 779 ἐκ
889 716 1034 795 βέμβικες
1055 711 1178 799 ὅσσαι.»

140 813 204 868 Vide
220 811 399 868 Scholiasten.
431 811 481 878 Qui
503 804 638 882 βέμβικα
660 803 840 885 aponoculo}
861 807 987 880 quiddam
1011 825 1071 864 esse
1087 808 1162 872 dicit,

139 891 235 970 μέλαν
257 888 336 952 κατὰ
358 887 413 969 τὴν
431 889 559 969 χροιὰν,
583 889 697 972 κέντρῳ
716 886 884 971 χρώμενον.
923 885 966 958 ὡς
987 885 1015 947 oi
1037 895 1162 967 σφῆκες.

140 982 193 1038 Sed
216 992 243 1037 et
265 958 322 1056 ἰὴν
344 973 522 1056 nestoriana,
546 981 601 1035 sive
617 970 820 1054 τενθρηόόνα,
844 977 1011 1035 anonnullis
1026 971 1165 1050 βέμβικα

138 1067 236 1122 vocari.
267 1066 339 1122 Haec
363 1065 516 1139 Stephanus
539 1065 567 1119 in
591 1065 670 1120 Thes.

327 1252 370 1307 Al)
395 1251 560 1307 HlunEStN
579 1251 645 1306 XLll
668 1248 976 1305 nunutunlsranun.

228 1356 287 1411 302
303 1353 330 1409 h.
363 1337 509 1420 onirocrit
531 1347 629 1427 γένος]
666 1353 796 1407 Ponticus
825 1368 926 1424 genere
955 1349 1004 1406 luit
1033 1350 1162 1415 Marcion,

140 1456 220 1515 quem
244 1440 304 1495 ideo
316 1431 472 1494 Ποντικὸν
494 1429 586 1492 λύκον
607 1446 684 1492 vocat
699 1437 833 1492 Eusebius
857 1436 924 1491 Hist.
945 1437 971 1499 5,
986 1437 1031 1499 13,
1052 1436 1107 1492 hoe
1124 1445 1165 1492 est

101 1588 105 1595 ⁴
139 1526 286 1580 Ponticum
301 1526 406 1596 lupum.
438 1523 504 1577 llale
521 1523 591 1577 enim
608 1523 744 1594 lnterpres
760 1522 907 1576 Ponticum
923 1521 1021 1590 lycum.
1048 1520 1166 1595 Scripsit

140 1620 230 1666 antem
259 1610 388 1665 adversus
418 1607 561 1663 uelandum
591 1607 664 1661 hunc
692 1606 863 1662 Haereticam
889 1608 905 1662 5
935 1604 1018 1660 libros
1048 1604 1163 1662 Tertull.

139 1696 204 1750 Vide
227 1711 295 1766 quae
319 1695 351 1749 de
375 1694 432 1748 eins
456 1702 579 1766 tempore
602 1692 635 1746 ad
658 1691 736 1747 Haer.
755 1694 828 1757 tet
856 1691 1034 1763 disputamus.

227 1781 286 1835 302
303 1780 329 1833 a.
362 1770 403 1844 ὡς
426 1768 480 1833 οὐκ
496 1770 645 1853 ἀπείληφε
661 1769 717 1851 τὴν
731 1771 899 1853 προεδρίαν
916 1773 959 1845 τε]
984 1769 1165 1853 Προεδρίαι

140 1864 172 1918 ad
202 1863 419 1918 communionem
449 1862 615 1918 Gloricorum
645 1863 748 1926 rolero,
780 1878 849 1935 quae
879 1862 974 1915 Lat'cae
1004 1862 1162 1933 opponitur,

141 1964 220 2022 quae,
244 1956 275 2001 ut
298 1947 334 2001 ait
349 1947 471 2002 Balsamo
495 1948 527 2001 ail
552 1948 614 2001 Can.
635 1950 671 2003 to
702 1946 799 2009 Basilii,
825 1945 938 2001 uallatur
961 1944 1049 2000 Laicis
1077 1937 1163 2012 ἐκτὸς

140 2033 196 2088 τοῦ
218 2022 375 2105 βήματος,
398 2031 442 2086 illa
465 2049 527 2087 vero
551 2025 642 2097 ἐντός.
685 2030 818 2086 Credibile
841 2039 883 2085 est
906 2030 976 2084 enim
999 2029 1162 2087 Marcionem

142 2117 273 2172 Clericum
296 2116 388 2172 fuisse.
439 2121 443 2130 '
952 2137 955 2144 ·

229 2205 328 2260 304³.
361 2193 500 2275 νηστείαν
523 2193 556 2254 δὲ
579 2194 629 2254 καὶ
653 2193 687 2256 τὸ
710 2190 891 2273 Σάββατον]
931 2200 996 2273 Leg.
1020 2189 1100 2255 κατὰ
1128 2191 1163 2256 τὸ

141 2278 220 2359 Σάβ.
251 2286 317 2342 Nam
340 2286 458 2342 Sabbato
481 2286 593 2341 ieiunari
617 2295 710 2341 contra
734 2284 876 2340 Orientalis
900 2283 1035 2340 Ecclesiae
1058 2301 1163 2340 morem

141 2372 252 2429 iubebat
274 2372 383 2428 llarcio.

228 2460 287 2515 305
305 2458 330 2513 d.
362 2448 397 2512 ori
427 2450 644 2528 κατακλαίομαι
672 2447 790 2527 ψυχάς]
829 2454 905 2522 Quod
940 2453 1046 2509 Etlmiei
1081 2454 1163 2509 certis

142 2541 238 2597 ritibus
250 2542 392 2598 faciehant.
414 2541 480 2597 Hinc
498 2545 525 2600 3.
539 2541 648 2596 aeneid.
672 2539 853 2612 Animumque
865 2540 995 2610 sepulcro
1008 2540 1163 2594 condimus.

389 2727 431 2781 ill)
456 2726 623 2781 strictiori
646 2726 689 2780 ax
711 2725 908 2780 Evanuuttu.

229 2845 288 2900 322
306 2844 331 2898 u.
363 2836 436 2919 iley.
461 2835 498 2899 α’.
522 2833 579 2898 κᾶν
600 2862 632 2900 τε
655 2835 829 2922 daonium]
868 2844 946 2899 Aliud
965 2845 1020 2917 egit
1044 2843 1165 2918 Epipha-

101 2929 211 2993 7snins,
236 2946 297 2984 cum
319 2944 411 2983 vocem
435 2924 537 3002 δῶρον
558 2928 625 2983 mala
649 2927 701 2984 fide
723 2945 738 2982 a
760 2928 894 2984 Marcione
917 2928 1050 2984 sublatam
1074 2929 1165 2986 eredi-

144 3015 190 3070 dit.
231 3013 324 3087 Neque
347 3014 418 3069 enim
440 3013 511 3086 apud
533 3013 641 3077 Lucam,
665 3021 711 3067 aut
734 3013 851 3068 llarcum
874 3015 1018 3085 reperitur.
1063 3015 1163 3087 Atque,

144 3109 174 3156 ut
196 3099 302 3172 opinor,
326 3098 378 3154 loci
401 3098 511 3155 alterius
528 3097 702 3153 similitudine
718 3097 857 3170 deceptum
883 3099 928 3171 qui
945 3107 986 3153 cst
1002 3098 1064 3154 Mat.
1075 3101 1102 3164 5,
1114 3101 1164 3157 23.

144 3184 175 3241 Si
204 3185 287 3255 offers
315 3202 417 3239 munos
446 3191 522 3239 tuum
545 3185 583 3239 ad
605 3184 712 3247 altare,
737 3191 788 3239 etc.
813 3175 932 3259 δώρου,
963 3184 1017 3239 sive
1039 3185 1165 3240 muneris

144 3286 236 3326 vocem
259 3270 337 3325 alteri
352 3284 468 3342 ¹quoque
490 3267 528 3324 illi
551 3269 654 3325 tribuit.

232 3357 292 3413 324
309 3373 331 3411 e.
363 3351 455 3428 Σχολ,
484 3345 530 3428 η’]
568 3355 708 3410 Postrema
736 3351 816 3408 rerha
845 3341 902 3425 εἶχε
931 3344 990 3429 γὰρ
1019 3344 1061 3419 ὡς
1088 3345 1167 3428 πρὸς

144 3428 293 3513 Ἰωάννην.
325 3439 410 3513 Supra
433 3441 461 3495 in
483 3440 606 3495 locorum
628 3438 749 3494 Indieulo
772 3455 833 3494 cum
857 3438 966 3494 Scholio
990 3440 1007 3495 9
1031 3439 1167 3510 copulan-

147 3531 199 3577 tur.
230 3524 401 3621 ,Scripseram
425 3525 476 3580 nisi
499 3524 591 3588 fallor,
615 3523 722 3587 Marcio,
747 3514 781 3590 ὃς
804 3514 838 3578 οὐ
862 3515 1166 3596 σκανδαλισθήσεται

147 3625 179 3662 ιν
201 3625 293 3664 avem.
