2534 4154
467 307 758 361 nulutottaslon'ts.
925 313 927 319 ’
1065 299 1124 362 193

105 464 236 525 affinitate
259 463 402 521 coniuncta
424 472 497 530 sunt,
521 473 624 522 tanturn
647 466 849 539 significationis
871 484 924 525 usu
946 484 978 525 ac
998 470 1126 543 proprie-

107 559 162 609 tate
184 549 295 606 distant.
339 549 393 605 Nee
416 559 458 606 est
480 549 533 606 ulla
555 568 615 616 vor,
637 551 664 606 in
687 568 739 624 qua
762 552 916 609 uberiorem
939 553 1075 612 cavillandi
1096 564 1125 611 et

104 632 285 695 &lamniandi
311 633 449 691 materiam
483 635 555 693 nacti
582 639 637 693 sint
663 636 767 702 hriaui,
801 646 832 693 ut
864 653 897 694 ex
923 639 1124 695 anomoeorum

105 719 217 783 litoresi
242 720 310 776 inira
333 719 477 776 constabit.
521 719 588 775 llam
609 713 732 796 γενητὸς
751 722 858 794 foetum
880 722 1027 798 siguificat,
1051 723 1125 797 quod

103 814 258 873 creatarum
286 821 377 860 rerum
405 804 545 880 proprium
575 814 631 870 est,
660 800 802 881 γεννητὸν
828 825 893 864 vero
919 809 1043 880 percitum
1070 817 1123 875 est,

103 890 179 966 qued
201 890 268 947 lilio
291 888 426 945 Catholica
448 889 546 945 veritas
568 889 672 946 tribuit.

194 978 254 1034 534
271 991 294 1031 c.
324 973 387 1031 τῶν
405 965 577 1052 Ὠριγένους
598 966 739 1049 ἐπιτομή]
770 975 818 1031 llic
841 985 883 1032 est
904 976 1056 1034 llethodius
1078 977 1124 1036 ille
1212 1031 1216 1036 .

103 1060 213 1135 Olympi
234 1059 339 1133 Lyciae,
364 1059 460 1115 deinde
476 1059 538 1132 Tyri
552 1058 712 1133 Episcopus,
736 1060 782 1132 qui
804 1059 875 1116 inter
897 1070 1003 1119 caetera
1021 1062 1054 1119 de
1069 1062 1125 1120 lte-

104 1145 278 1203 surrectioue
299 1153 393 1200 contra
417 1143 560 1216 Origenem
584 1161 653 1217 opus
675 1144 784 1218 scripsit
806 1145 946 1210 eximium,
972 1154 1000 1203 et
1021 1147 1055 1202 nd
1076 1164 1125 1205 ex·

104 1239 223 1289 uernum
252 1228 412 1285 novissimae
433 1228 648 1302 persecutionis,
678 1228 747 1295 sive,
776 1237 807 1285 ut
829 1229 872 1285 alii
894 1230 1041 1296 affirmant,
1071 1231 1123 1289 sub

104 1314 188 1373 becio
218 1323 245 1371 et
266 1313 421 1379 Valeriano,
452 1314 479 1369 iu
509 1313 633 1369 Chalcide
663 1313 789 1370 Graeciae
818 1315 947 1388 martyrio
977 1323 1124 1373 coronatus

105 1393 159 1461 ost.
203 1399 275 1456 llaec
313 1398 494 1472 Hieronymus
524 1398 580 1455 Cat.
609 1398 663 1454 Vir.
684 1397 765 1454 lllus.
796 1400 921 1456 Socrates
950 1399 1010 1457 1.6
1044 1417 1068 1456 c.
1086 1402 1123 1460 13

103 1493 224 1561 quatuor
245 1493 379 1549 recenset,
403 1483 450 1558 qui
471 1482 598 1539 adversus
622 1483 765 1556 origenem
786 1484 932 1558 praecipue
954 1484 1052 1558 stylum
1076 1502 1125 1541 ex-

103 1570 258 1635 ercuerint,
288 1586 367 1642 quam
397 1569 455 1641 ipse
485 1560 659 1642 κακολόγων
685 1562 853 1646 τετρακτὺν
880 1569 1052 1644 impudenter
1074 1586 1124 1643 ap-

104 1655 198 1730 pellat.
228 1654 334 1710 Primus
357 1661 399 1709 est
413 1652 576 1719 llethodius,
595 1652 735 1709 secundus
757 1653 913 1710 Eustatbius
928 1654 1122 1720 antiochenus,

104 1741 204 1797 tertius
226 1738 396 1812 Apollinaris,
430 1746 543 1810 quartus
567 1737 743 1811 Theophilus.
782 1738 862 1794 Addit
883 1739 1049 1797 llethodium
1071 1755 1125 1813 po-

104 1833 173 1890 stca,
196 1823 279 1880 veluti
301 1823 434 1897 palinodia
457 1830 603 1888 recantata,
627 1838 707 1895 quem
730 1834 870 1879 accusarat
885 1824 1028 1898 origenem
1047 1841 1125 1881 com-

105 1909 249 1967 mendasse
271 1906 382 1981 llialogo
405 1907 460 1972 illo,
484 1924 565 1980 quern
588 1907 726 1980 inscripsit
747 1898 884 1970 Ξενῶνα.
928 1909 982 1966 Sed
1005 1909 1124 1966 Socratis

102 1993 265 2054 calumniam
294 2010 325 2048 ac
352 1991 520 2048 mendacium
547 2010 578 2048 ex
601 1993 764 2066 Hieronymo
786 1993 920 2051 convincit
941 1995 1070 2052 baronius
1092 1995 1124 2051 h.

105 2081 168 2140 402
191 2095 219 2134 n.
238 2081 265 2135 5.
296 2077 395 2133 Scribit
417 2077 488 2133 euim
510 2077 555 2134 ille
576 2077 678 2151 Apobi
705 2078 732 2133 in
755 2077 825 2134 Ruil.
849 2079 995 2135 Eusebium
1017 2079 1126 2136 lletho-

105 2164 150 2222 dio
172 2164 199 2220 iu
224 2165 241 2221 6
265 2162 333 2220 libro
350 2162 497 2236 Apologiae
519 2162 591 2219 istud
614 2161 802 2236 exprobrasse.
835 2163 911 2232 Quia
932 2167 1013 2220 modo
1036 2180 1124 2220 ocsus

103 2247 329 2308 uehementius
355 2264 430 2303 nunc
459 2255 558 2303 contro
582 2244 729 2318 Oripeueru
756 2248 895 2313 scribere,
924 2250 972 2320 qui
1000 2248 1070 2303 boec
1099 2256 1126 2303 et

101 2334 177 2393 baec
208 2335 241 2389 dc
266 2329 395 2404 Oriperais
424 2334 532 2388 locotus
560 2340 601 2387 eet
629 2333 825 2402 dopmotibus?
870 2333 948 2402 Quod
970 2330 1003 2387 ab
1026 2332 1125 2390 briano

105 2419 218 2479 bomine
240 2417 320 2475 obiici
343 2417 407 2473 dicit
429 2416 577 2488 clarissimo
600 2424 628 2472 et
650 2416 874 2489 eloquentissimo
896 2416 1017 2490 martyri.

124 2542 128 2549 -
193 2505 252 2562 539
270 2520 293 2560 c.
323 2495 471 2579 Πρόκλου
494 2492 678 2575 redditori]
720 2499 847 2556 blendosa
870 2511 912 2557 est
934 2501 1001 2558 haec
1023 2501 1125 2558 Inscri-

95 2584 175 2665 'ptio
204 2588 298 2661 Neque
320 2587 391 2642 euim
414 2603 445 2641 er
467 2585 548 2641 ullius
564 2585 652 2642 Procli
676 2585 858 2658 disputatione
881 2602 950 2659 quae
972 2594 1126 2659 sequuntur

102 2673 241 2747 exscripta
270 2680 349 2737 sunt,
380 2671 427 2726 sed
456 2688 488 2726 en
517 2670 637 2727 eiusdem
660 2669 788 2726 llethodii
810 2670 1014 2736 lucubratione,
1044 2689 1126 2746 quarn

101 2759 236 2817 adversus
258 2757 400 2830 Origeneun
417 2755 520 2830 Dialogi
542 2772 617 2812 mere
640 2754 847 2828 conscripserat.
878 2757 913 2812 lu
931 2774 985 2832 quo
1007 2756 1127 2832 loqueu-

105 2852 149 2903 tes
172 2842 358 2901 introduxerat
379 2841 605 2914 Aglaophontem,
630 2839 766 2905 Proclum,
788 2842 951 2898 Auxentium
974 2850 1002 2899 et
1023 2851 1126 2898 semet-

104 2929 205 3005 ipsum.
249 2927 312 2983 Vide
335 2927 402 2982 inira
426 2943 449 2981 c.
467 2929 518 2982 40.
548 2926 591 2981 rh
606 2935 633 2983 et
648 2925 790 2998 Theophili
805 2936 900 3000 postea
917 2927 1029 2992 mentio,
1052 2926 1126 3001 quod

104 3023 196 3071 umen
227 3011 416 3087 appellativum
445 3020 512 3084 puto
535 3027 606 3075 esse,
635 3027 690 3067 nou
713 3010 863 3083 proprium.
908 3010 1041 3078 Quocirca
1063 3018 1128 3084 post

102 3098 231 3172 Origenis
253 3096 334 3153 verlra
357 3112 371 3152 e
394 3097 546 3152 Commeat.
568 3095 594 3150 iu
618 3095 734 3168 primum
756 3095 892 3151 Psalmum
915 3094 1044 3159 adducta,
1073 3095 1127 3150 hoc
1224 3162 1226 3166 Ι

103 3184 167 3258 ipso
190 3182 277 3256 capite
305 3181 433 3254 deinceps
466 3180 579 3238 Procius
607 3197 657 3254 pro
692 3180 809 3252 Origene
837 3179 916 3236 verba
946 3179 1023 3235 iacit:
1052 3178 1127 3234 uude

102 3260 202 3327 titulus
224 3259 370 3343 Πρόκλος
391 3265 416 3322 ei
438 3265 573 3338 praefixus
596 3274 654 3321 erat
676 3272 738 3338 post
761 3264 815 3320 τοῦ
839 3255 942 3320 αὐτοῦ.
982 3263 1048 3318 Nam
1070 3263 1127 3320 rori

102 3344 203 3410 αὐτοῦ
225 3351 258 3408 ad
273 3350 438 3407 llethodium
456 3351 583 3424 pertinet.
614 3348 749 3406 Librarius
765 3359 865 3413 autem,
889 3348 962 3420 quod
977 3339 1126 3424 Πρόκλου

102 3454 206 3495 nomeu
228 3436 348 3509 legisset,
372 3436 491 3493 auctoris
510 3435 623 3491 alicuius
639 3450 699 3489 esse
715 3431 837 3498 credidit,
861 3449 923 3488 curn
937 3432 1128 3507 interloquen-

104 3523 141 3581 tis
159 3537 293 3597 personae
316 3521 360 3578 sit.

195 3609 253 3664 540
271 3623 295 3662 a.
325 3595 378 3685 ὑφ’
403 3584 439 3660 οὗ
461 3598 511 3660 καὶ
534 3604 745 3683 συγκρατεῖται
768 3595 803 3661 τὸ
826 3601 942 3679 σχῆμα]
973 3601 1057 3660 ldaior
1071 3602 1146 3669 bic,÷

159 3699 304 3756 Epiphanius.
323 3700 347 3744 V.
945 3702 975 3753 13
