2534 4154
454 324 768 419 turi-notmannis.
1075 336 1124 381 nn

113 491 188 549 reluta
210 489 353 566 Epiphrnii
380 498 409 548 et
430 491 536 548 losnnis
562 498 657 549 mutua
685 493 719 550 de
741 510 771 549 su
793 493 905 549 inuicem
927 493 1119 567 praedictione,

111 575 183 633 rddat
199 575 342 633 Socrates:
361 575 482 633 *uttam
503 592 586 651 porro
607 592 670 634 vern
692 578 758 634 mihi
779 577 904 635 dixerint·
916 577 962 651 qui
984 575 1040 633 ist'a
1057 594 1123 633 nar-

108 668 215 726 rarunt,
237 660 364 734 equidem
385 676 444 717 non
459 676 574 735 possum
596 661 744 729 'albumen-m
772 663 883 736 utrique
896 671 992 719 tamon
1014 661 1126 718 illorum.

107 745 262 803 memorii
283 744 371 802 mites
391 746 515 820 contigit.
545 746 610 802 llam
624 762 715 820 neque
730 746 896 820 Epiphanius
909 762 1003 805 nomm
1019 747 1125 820 appulit

106 830 233 906 depenso,
255 828 320 904 post
340 829 489 886 discessum
511 831 583 888 enim
604 840 729 888 mortuus
750 842 794 888 est
815 833 841 887 in
856 832 976 906 navigio:
1001 832 1124 888 etlosn·

104 932 152 974 no
172 914 250 972 baud
270 914 356 970 multo
377 923 442 988 post
462 931 495 972 er
515 916 674 990 episcopatu
696 916 818 973 deiectus
839 917 907 972 est'.

188 1002 242 1058 dl.
286 999 379 1056 Potuit
405 1014 471 1056 sene
499 1001 652 1057 huiusmodi
677 1002 765 1057 esitus
786 1001 929 1077 utriusque
952 998 1122 1058 occasionem

104 1085 216 1149 dedisse
234 1082 404 1149 hominibus,
424 1093 538 1141 mutuae
559 1085 714 1143 interillos
735 1086 913 1142 dissensionis
934 1086 1059 1150 consulis,
1083 1088 1125 1142 vi-

103 1186 206 1243 rosque
226 1165 338 1226 sermm
359 1184 410 1226 suo
425 1169 495 1243 pede
509 1169 692 1235 metientibus,
716 1179 746 1226 ut
760 1170 962 1233 altercationem
976 1170 1123 1227 verborum

104 1256 215 1329 utrique
237 1266 342 1328 partim
355 1254 461 1327 dignam
483 1255 652 1328 effingerent,
676 1255 902 1329 quemadmodum
924 1256 1050 1312 iudicavit
1072 1256 1125 1311 lta-

105 1340 210 1404 muius‚
236 1346 264 1395 st
285 1347 349 1412 post
370 1354 438 1394 eum
455 1339 574 1397 Socratis
597 1340 838 1415 atqueSozomeni
859 1340 1009 1396 illustrator
1031 1349 1059 1398 et
1080 1341 1125 1396 in-

104 1432 212 1499 terpres
234 1423 397 1480 nomssimus
419 1423 553 1481 henricus
574 1424 704 1481 Valesius.
750 1424 859 1481 Dubitat
880 1425 960 1480 etiem
983 1425 1122 1489 baronius,

104 1524 203 1567 mene
226 1508 400 1583 Epiphanius,
424 1510 464 1565 nti
487 1507 580 1571 scribit
602 1509 743 1573 Socrates,
767 1507 855 1565 “Com
876 1509 910 1564 ad
932 1509 1071 1568 basilicum
1093 1510 1122 1565 S.
1196 1548 1203 1558 ,

105 1595 214 1652 tnenms
237 1593 402 1668 appulisset,
426 1610 496 1667 quae
517 1602 622 1668 septem
645 1610 773 1667 passuum
794 1593 914 1650 millibus
935 1593 968 1649 ab
991 1591 1060 1649 urbe
1080 1593 1125 1649 di-

105 1687 167 1744 stat,
191 1694 260 1735 nare
282 1694 424 1752 egressus,
448 1676 588 1735 collectam
610 1678 647 1734 ihi
668 1679 812 1735 celebrarit
834 1688 862 1735 et
883 1674 1026 1735 diaconum
1048 1677 1126 1735 ordi-

105 1765 190 1828 narit,
222 1763 381 1836 priusquam
401 1763 535 1820 civitatem
551 1764 770 1836 ,ingrederuur’t
816 1763 930 1820 Veretur
951 1778 1068 1837 nemque
1089 1779 1125 1819 ue

105 1847 379 1924 querelam1loonnis
406 1847 642 1922 hierosolymitani
670 1849 706 1904 de·
732 1848 898 1922 Epiphanio,
930 1849 964 1904 ad
996 1850 1139 1914 loannem,
1224 1873 1234 1886 ·

91 1931 434 2006 .Gonstantinopelitanum
461 1949 603 2006 perpernm
634 1933 804 1990 transtulerit
832 1933 974 1999 Socrates,
1003 1934 1124 2010 quamvis

106 2024 169 2075 tnnc
192 2034 256 2074 eum
276 2026 472 2091 res'ageretur
486 2017 720 2092 Constantinopoli
741 2018 841 2075 vivens.
871 2018 974 2094 Neque·
987 2019 1059 2075 enim
1075 2036 1125 2093 np-

104 2111 182 2177 prrot
209 2103 257 2160 hie
279 2111 337 2166 mut
365 2103 435 2158 iusta
457 2118 538 2176 quam
561 2103 596 2159 ibi
619 2101 763 2160 excusandi
785 2103 927 2177 Epiphanii
949 2105 1034 2168 ratio,
1063 2120 1125 2160 cum

104 2187 224 2244 Ecclesia
247 2187 275 2243 S.
298 2187 404 2243 loannis
433 2186 499 2243 citra
526 2182 738 2245 controversiam
766 2197 841 2244 esset
867 2187 919 2244 sub
947 2188 1125 2261 dispositione

106 2271 398 2346 llonstatttinopolitsni
420 2271 549 2346 episcopi,
572 2272 620 2329 ubi
642 2290 693 2329 neo
708 2273 790 2328 huius
805 2273 909 2328 iniussu
925 2272 1046 2329 licuisset
1061 2272 1128 2345 Epi·

107 2357 208 2431 phanio
229 2357 371 2413 blissarum
398 2357 535 2421 solennia,
564 2357 663 2413 nedum
693 2357 877 2414 ordinationes
907 2357 1061 2413 celebrere:
1089 2356 1125 2412 de

105 2450 224 2516 utroque
245 2449 336 2498 tumen
358 2450 518 2518 querentem
534 2441 758 2515 chrysostomum
773 2441 901 2498 Socrates
917 2441 1035 2508 induoit3
1058 2441 1124 2514 quin

107 2526 185 2584 etium
208 2526 243 2583 de
264 2527 297 2582 iis
320 2542 389 2600 quse
411 2527 438 2583 in
453 2527 646 2599 Apostolorum
669 2526 770 2600 templo
793 2527 914 2582 facturus
932 2535 991 2583 erat
1005 2526 1129 2601 limpha-¹

107 2613 176 2678 rins,
200 2611 252 2667 nisi
274 2610 479 2669 denuntiatione
500 2611 607 2668 loannis
629 2628 679 2685 por
694 2611 870 2685 Serapionem
893 2611 944 2668 sibi
966 2613 1035 2669 laetu
1056 2611 1128 2668 luis-

107 2705 147 2754 set
168 2696 343 2762 absterritus,
365 2695 399 2753 de
420 2696 462 2761 iis,
484 2697 603 2769 inquam,
627 2712 697 2769 quae
719 2696 807 2754 solum
829 2698 978 2754 constituta
992 2697 1056 2755 dicit
1072 2697 1126 2754 Sn-

106 2794 246 2847 nmoenus,
269 2776 454 2856 tanquomde
474 2781 564 2855 reipsa
585 2779 663 2837 lactis
684 2783 774 2838 minus
795 2783 984 2840 verosimiliter
1005 2783 1127 2856 loquitur

106 2864 241 2930 Socrates,
265 2882 296 2922 ae
317 2874 376 2925 tum
398 2865 507 2923 demum
528 2867 656 2923 loannem
677 2867 722 2933 ait,
746 2884 781 2924 ne
804 2868 897 2924 eadem
919 2869 1050 2942 postridie
1071 2869 1126 2924 ite-

106 2960 240 3016 rsmntor,
268 2951 404 3024 ingresso
413 2966 509 3011 musas
530 2952 557 3006 in
579 2951 720 3060 ecclesium
742 2952 898 3027 Epiphanio
914 2955 1021 3010 misisse
1043 2952 1127 3008 Sere-

105 3037 223 3111 pionem.
1102 3072 1105 3077 -

191 3123 242 3179 42.
288 3120 321 3176 llt
343 3129 373 3177 nt
395 3122 445 3186 sit,
475 3130 600 3194 apparet,
624 3122 761 3194 optimum
784 3122 848 3178 alias
870 3121 1125 3192 sanctissimumque

105 3222 209 3271 omrem,
233 3206 379 3279 deceptum
399 3204 483 3261 luisse
506 3205 695 3280 a‘lheophilo,
720 3213 774 3262 turn
797 3207 824 3263 in
846 3222 926 3263 eausa
946 3221 1039 3262 eorum
1051 3220 1124 3276 qnos

105 3290 227 3349 loannes·
242 3289 376 3347 tolerabat
395 3290 602 3356 monaehorum,
624 3306 705 3366 quem
728 3291 813 3364 ipsius
835 3291 958 3357 loannis3
982 3299 1009 3346 et
1027 3304 1061 3344 en
1075 3288 1126 3344 ob-

104 3376 234 3432 uudsntia
258 3375 308 3432 zeli
329 3390 440 3450 passum
463 3391 524 3432 esse
545 3376 693 3432 humanum
715 3376 830 3448 aliquid,
861 3376 938 3431 ouius
959 3375 1048 3448 ipsum
1071 3373 1124 3430 cito

104 3461 282 3534 poenituerit,
304 3461 445 3535 magisque
467 3461 603 3534 potuisset
625 3461 775 3534 poenitere,
799 3461 914 3534 siquae
936 3469 999 3533 post
1022 3460 1126 3516 disces-

105 3560 165 3605 sum
189 3562 269 3616 suum
292 3555 356 3601 sunt
370 3554 531 3611 consecuta,
554 3547 673 3602 vidisset.
704 3544 812 3600 lnterim
830 3544 882 3600 hoc
896 3545 1125 3602 machinationum

101 3646 216 3689 marum
238 3646 369 3689 successu
390 3631 477 3689 elutus
492 3630 668 3706 Theophilus,
691 3630 849 3704 priusquam
865 3629 1126 3707 Constantinopolim
