2534 4154
145 305 205 367 124
514 346 517 351 ·
597 315 711 365 uenatu

139 474 256 533 tior-ibus
280 471 388 528 Graecis
420 471 532 544 perinde
560 486 591 526 ac
613 470 714 527 habuis
741 479 888 545 usurpata,
918 488 998 546 quam
1021 488 1037 529 a
1059 473 1160 531 Gmecn

141 552 251 638 ῥύγχος
273 558 406 613 detortam
428 556 517 611 innuit
539 555 716 629 Epiphanius.
747 555 841 629 Veget.
865 559 1161 631 assultatores

141 644 267 719 appellat,
291 641 518 714 quemadmodum
540 651 568 696 et
590 657 692 696 cuneos
715 651 800 713 capot
817 643 978 714 porcinum.

263 862 306 920 Au
330 860 496 917 llAERESlN
518 861 538 917 L
560 860 1046 921 TESSARESCAEEECATITARUM.

227 984 289 1041 419
306 999 330 1037 c.
371 979 673 1049 Quartodecimauorum
702 981 757 1037 sive
788 976 1168 1058 'lhooapecuuidsxaartcdr

142 1069 267 1125 Haeresis
291 1085 322 1123 ea
344 1066 454 1140 proprie
476 1064 583 1130 dicitur,
607 1082 676 1139 quae
698 1064 806 1121 ludaico
828 1083 906 1122 more
920 1067 1024 1122 Pascha
1038 1068 1165 1126 Lunall

144 1153 335 1211 celebrandum
350 1150 456 1213 asserit,
480 1167 677 1224 quamcumque
693 1151 801 1207 demum
816 1151 843 1207 in
860 1151 953 1207 leriam
969 1151 1079 1217 incidet,
1096 1165 1174 1225 quae·

143 1240 194 1296 tuti
207 1237 387 1295 Asiaticorum
410 1235 511 1308 opinio,
533 1236 581 1311 qui
602 1236 710 1292 loannis
732 1236 898 1293 authoritate
913 1237 975 1293 freti
990 1236 1168 1311 pertinaciter

119 1326 226 1381 ‘ritum
255 1323 330 1379 illum
365 1321 645 1394 consuetudinemque
675 1330 832 1377 tenuerunt.
877 1322 915 1377 Pe
943 1339 997 1396 quo
1030 1322 1168 1380 Eusebius

144 1408 212 1466 Hist.
231 1411 258 1465 5.
288 1408 368 1464 Addit
389 1407 556 1479 Augustinus
578 1406 597 1463 l.
620 1406 653 1462 de
675 1406 787 1463 Haeres.
811 1406 922 1462 eosdem
944 1407 1004 1464 illos
1033 1411 1068 1465 14
1092 1408 1169 1465 huba

143 1495 231 1551 blartii
253 1495 353 1549 mensis
376 1492 479 1547 Pascha
501 1491 601 1547 fixisse.
646 1491 696 1547 Ubi
717 1491 842 1547 llartium
864 1509 919 1547 nou
943 1493 1089 1557 lulianum,
1120 1493 1170 1549 sed

144 1582 278 1637 lunarem
301 1577 414 1649 intelligi
437 1593 550 1632 necesse
573 1584 630 1642 est,
660 1594 722 1632 cum
744 1577 868 1650 plerique
890 1577 1035 1633 Paschales
1058 1594 1169 1635 menses

146 1667 225 1721 etiam
247 1662 348 1719 Iudaici
376 1662 402 1716 in
424 1661 544 1734 Aprilem
572 1661 733 1718 inciderent.
777 1661 833 1718 Nisi
861 1662 932 1718 forle
955 1663 982 1718 in
1004 1679 1036 1718 ea
1058 1663 1169 1735 quidam

145 1749 274 1823 opinione
297 1747 406 1811 luerint,
430 1755 461 1802 ut
483 1746 578 1802 llartio
600 1764 695 1803 mense
717 1755 852 1820 perpetuo
875 1746 1066 1803 celebrandum
1085 1757 1170 1821 puta-

145 1842 216 1889 rent.
262 1831 362 1887 Scribit
389 1833 460 1886 euim
484 1832 646 1888 Philostrius
669 1831 925 1900 Quartodecimanos
948 1832 1052 1888 Pascha
1072 1849 1170 1889 mense

145 1918 239 1982 lla'rtio
262 1915 454 1972 celebrandum
478 1933 609 1972 asserere.
640 1920 729 1989 Atque
751 1917 818 1973 haec
839 1913 1171 1995 τῶντεσσαρεσκαιδε-

146 2001 277 2058 κατιτῶν
298 2017 360 2055 vera
382 2009 425 2055 est
447 2009 475 2055 et
497 2018 625 2073 germana
647 2001 733 2056 notio.
764 2001 818 2057 Sed
834 2012 861 2058 et
876 2001 927 2057 alia
941 2002 993 2058 luit
1007 2002 1105 2058 eodem
1120 2019 1171 2060 vo·

147 2086 243 2144 cabulo
273 2087 470 2157 comprehensa
498 2086 704 2157 depravatorum
732 2085 848 2142 istorum
877 2086 972 2152 factio,
1004 2102 1073 2161 quae
1102 2088 1170 2144 mira

146 2173 261 2247 quadam
283 2170 415 2226 abusione
445 2170 749 2239 Quartadecimanorum
772 2188 871 2227 nomen
894 2172 1003 2228 meruit.
1040 2171 1171 2229 Nonnulli

147 2258 249 2331 quippe
276 2255 439 2312 celebrando
461 2254 586 2312 Paschati
615 2265 719 2312 eertum
748 2256 774 2311 in
798 2273 869 2313 anno
891 2257 994 2313 luliauo
1017 2255 1088 2313 diem
1112 2265 1171 2314 sta·

146 2351 268 2407 luerunt,
291 2341 365 2397 velut
388 2341 441 2397 Vlll
463 2341 521 2397 Kal.
544 2349 591 2395 aut
618 2343 664 2405 15,
688 2349 735 2396 aut
754 2344 800 2406 tu,
825 2342 858 2398 de
881 2341 980 2417 quibus
1003 2341 1084 2415 paulo
1107 2349 1171 2416 post

146 2428 281 2502 agendum
303 2427 364 2490 erit,
388 2444 456 2500 quos
479 2443 574 2483 omnes
597 2425 764 2500 Epiphanius
787 2426 829 2483 ad*
843 2426 1099 2496 Quartadecimanos
1122 2444 1172 2502 ag·

66 2552 72 2559 -
147 2513 277 2586 gregavit.
309 2512 398 2567 Tertia
419 2512 475 2586 τῆς
491 2513 546 2569 τοῦ
560 2503 678 2586 Πάσχα
694 2506 885 2589 διαστροφῆς
899 2513 977 2576 ratio,
1001 2520 1083 2584 atque
1098 2511 1172 2568 Hae·

107 2598 226 2661 86resis,
250 2605 280 2652 ul
302 2613 318 2652 a
339 2595 475 2669 prioribus
497 2598 610 2663 diversa,
635 2597 674 2653 sic
689 2597 993 2665 Quartodecimauorum
1009 2597 1172 2670 appellatio·

148 2699 210 2736 nem
233 2680 332 2736 iustius
353 2697 434 2755 quam
456 2683 593 2753 posterior
614 2683 682 2738 haec
705 2681 854 2747 obtinebit,
878 2699 947 2755 quae
970 2698 1031 2737 cum
1062 2682 1173 2739 univer*-

149 2783 206 2822 sam
229 2765 292 2820 olim
315 2765 466 2829 ecclesiam,
489 2774 547 2821 tum
570 2767 926 2840 praecipueOceideutalem
943 2766 1073 2823 exercuit.
1096 2766 1173 2824 Hanc

149 2852 196 2926 qui
224 2849 311 2906 secuti
333 2858 413 2913 sunt,
443 2850 545 2906 Pascha
567 2851 606 2906 illi
627 2852 736 2926 quidem
758 2852 898 2908 Dominico
921 2851 964 2907 die
987 2846 1172 2917 celebrabant,

150 2936 198 2992 sed
220 2935 243 2991 si
270 2938 304 2990 ll
328 2934 404 2989 Luna
426 2934 453 2988 in
477 2952 538 2989 eum
561 2935 632 2990 diem
653 2934 794 3001 incideret,
818 2953 873 2992 uon
892 2953 924 2992 ex
939 2924 1109 3010 praeshn‘pto
1125 2935 1175 2993 Ni-

149 3038 249 3078 caeuae
265 3018 366 3092 Synodi
388 3018 415 3074 in
440 3020 476 3076 21
503 3019 573 3074 diem
596 3019 764 3085 differebant,
787 3021 835 3077 sed
858 3020 886 3076 in
908 3023 1025 3078 termino
1047 3021 1108 3096 ipso
1131 3021 1175 3078 le·

70 3137 78 3145 ν
150 3115 222 3162 stum
246 3104 367 3161 obibant.
406 3104 485 3173 Quod
505 3104 533 3159 in
557 3104 641 3160 Gallia
663 3106 808 3178 quondam,
831 3105 968 3179 hispania,
992 3122 1022 3162 ae
1044 3122 1175 3180 praeser-

152 3193 199 3247 tim
221 3191 355 3247 Britannia
377 3189 523 3263 plcrosque
544 3189 668 3246 tenuisse
690 3198 826 3246 testantur
847 3190 949 3256 Redae,
974 3191 1119 3265 Sigeberti,
1143 3180 1175 3248 ac

151 3286 322 3333 caeterorum
334 3275 444 3348 scripta.
474 3274 539 3330 Vide
551 3275 681 3348 imprimis
693 3274 791 3331 bedam
802 3276 875 3331 Eccl.
887 3276 956 3332 llist.
970 3279 998 3342 P,
1013 3279 1030 3334 3
1043 3285 1071 3332 el
1084 3280 1112 3341 5,
1124 3277 1173 3334 16.

152 3363 219 3417 Tum
242 3378 312 3436 quae
335 3360 368 3415 ad
383 3360 564 3432 Nicephorum
587 3370 650 3417 ante
672 3376 774 3433 paucos
796 3378 882 3417 anuos
898 3361 1094 3418 adnotavimus.
1117 3361 1176 3418 Po-

153 3456 270 3503 stremus
293 3447 326 3500 de
348 3445 505 3501 celebritate
528 3446 666 3502 Paschatis
688 3462 766 3502 error
779 3446 937 3502 Latinorum
958 3447 1018 3512 luit,
1040 3446 1089 3522 qni
1111 3461 1176 3503 cnm

153 3530 180 3584 iii
203 3530 317 3587 caeteris
339 3530 485 3586 Nicaenum
509 3530 645 3587 (larionem
669 3540 696 3587 et
713 3530 876 3588 Catholicam
899 3531 1021 3606 regulam
1043 3531 1176 3588 observa·

154 3625 225 3681 rent,
248 3615 354 3671 ludaico
377 3624 467 3672 tamen
489 3615 544 3672 ritu
566 3617 687 3673 citimum
710 3617 854 3674 terminum
876 3625 1078 3673 antevertentes
1093 3615 1174 3691 primi
