2534 4154
466 340 757 392 surusuruauours.
1062 331 1123 393 117

105 492 203 550 trustra
225 493 280 551 hoc
302 511 334 550 er
350 495 438 568 capite
454 513 554 552 coenae
569 496 751 592 appellatione
767 497 971 554 Sacramentum
987 496 1053 554 illud
1068 497 1126 556 llo·

104 578 194 635 miuici
217 580 340 652 corporis
363 588 391 635 et
412 581 551 654 sanguinis
574 582 690 638 censeri
720 583 786 638 Nam
804 582 955 639 Matthaeus
976 591 1005 639 et
1019 583 1125 640 llarous

104 653 274 721 ἰσθιόντων
296 656 399 721 αὐτῶν
425 665 552 722 dixerunt
573 668 711 740 praesenti
733 669 775 723 usi
798 685 848 741 pro
870 666 1034 741 praeterito:
1063 669 1124 734 nisi,

104 757 133 805 ut
158 748 228 889 plius
257 748 377 822 Scaliger
404 749 550 807 arbitratus
580 761 637 816 est,
668 743 837 808 ἐσθιόντων
863 753 988 810 doristus
1015 752 1053 809 sit
1080 770 1127 810 se-

104 848 156 890 cun
176 851 220 891 us.

192 918 295 976 atad.
326 914 417 992 Σχολ.
433 913 528 993 ξιον.υ
514 939 564 975 ινα
586 913 669 998 δείξῃ
690 914 822 996 Πάσχα]
861 921 1053 980 subobscurus
1082 923 1127 979 hic

103 1003 182 1060 locus
206 1011 258 1059 est
299 1002 362 1067 Sed,
385 1012 417 1060 ut
437 1005 503 1061 mihi
524 1005 639 1070 videtur,
662 1005 767 1062 Pascha
788 1006 854 1062 illud
876 1007 1027 1080 legitimum
1047 1025 1128 1086 προ-

104 1081 295 1162 τυπούμενον
315 1088 400 1144 fuisse
422 1090 502 1155 dicit,
526 1092 579 1146 hoo
602 1099 644 1146 est
665 1086 708 1158 alc
728 1083 840 1162 τύπον,
868 1108 900 1148 ae
921 1091 1035 1164 figuram
1058 1093 1129 1149 alte·

104 1173 162 1230 rius
185 1171 343 1238 adhibitum,
368 1175 410 1230 cni
433 1175 566 1232 suecessit
586 1166 622 1231 τὸ
642 1170 777 1272 βέβαιον.
793 1168 890 1232 αὐτοῦ
910 1171 1050 1247 πάθους,
1074 1179 1128 1234 hoe

106 1267 148 1315 est
170 1275 291 1332 perenne
314 1275 344 1314 ae
366 1267 539 1332 perpetuum,
563 1260 637 1334 quod
658 1261 793 1335 passionis
815 1278 882 1317 suae
903 1261 1017 1334 figuram
1033 1271 1060 1317 et
1076 1263 1129 1318 Sa-

105 1351 274 1400 cramentum
297 1345 428 1409 continet,
451 1344 507 1400 sive
529 1345 614 1410 malis,
639 1345 711 1418 quod
734 1346 847 1401 eandem
869 1345 954 1419 ipsam
970 1346 1127 1402 Passionem

107 1427 263 1493 affirmaret,
287 1429 399 1503 eiusque
422 1429 559 1494 fructum,
573 1447 663 1495 usum,
687 1447 718 1486 ac
740 1431 956 1488 recordationem
978 1439 1063 1486 ratam
1085 1431 1128 1488 la-

108 1523 192 1579 ceret,
216 1505 250 1568 et‘
266 1512 300 1568 ad
321 1514 514 1587 sempiternam
536 1515 693 1570 memoriam
716 1525 888 1589 propagaret.

195 1601 253 1656 347
272 1615 295 1654 a.
318 1589 417 1674 ’Έλεα
433 1593 468 1655 o'.
490 1593 645 1675 ἐπιταγήν]
677 1600 739 1656 Cor.
762 1595 898 1679 ἓπιταγῇ.

351 1817 394 1874 EX
416 1818 580 1876 bristout
601 1819 644 1874 Ab
670 1818 880 1876 CORINTHIOS.

196 1939 256 1995 355
272 1936 300 1993 b.
322 1926 421 2012 Ἔλεγ.
437 1930 469 1993 ε’.
485 1935 534 1994 καὶ
550 1930 597 2013 ιγ’.
619 1932 768 2006 ταθέντος
789 1932 824 1995 dd
845 1934 876 1996 ἓν
897 1931 1007 2014 ἄληθ]
1030 1937 1131 1997 deesse

109 2021 232 2080 nonnihil
255 2022 287 2077 ad
308 2021 491 2095 integritatem
515 2023 597 2079 huius
619 2023 672 2080 loci
694 2024 809 2081 videtur.

196 2109 256 2165 360
273 2124 297 2163 e.
319 2097 471 2184 ’'Edem'-
488 2103 537 2163 καὶ
553 2101 603 2183 ιη’.
631 2105 674 2176 οἷς
701 2104 735 2165 δὲ
762 2101 797 2166 τὸ
821 2103 866 2186 μὴ
888 2098 984 2183 ἅπαξ]
1031 2108 1130 2164 Vitium

110 2193 191 2249 buius
214 2191 267 2249 loci
289 2209 370 2248 nemo
392 2208 448 2247 non
470 2193 550 2250 videt.
530 2193 660 2262 tQuod
683 2211 734 2268 ego
758 2212 789 2250 ex
805 2195 964 2250 traiectione
979 2210 1074 2249 vocum
1090 2193 1131 2249 ir-

63 2312 74 2328 .
110 2277 229 2351 repsisse
251 2277 384 2380 suspicor.
428 2277 494 2334 Vide
514 2278 599 2352 igitur
619 2296 685 2335 num
706 2279 744 2334 ita
766 2278 929 2335 conformari
952 2277 1057 2341 debeat,
1090 2272 1132 2344 εἰς

111 2355 199 2420 δὲ
165 2381 235 2436 τοι
222 2355 267 2437 μὴ
290 2352 373 2430 ἅπαξ
388 2359 533 2435 χαλεπῶς
555 2355 666 2462 φέρειν,
689 2355 797 2418 διὰ
762 2382 819 2436 την
839 2354 1015 2437 συνήθειαν,
1038 2363 1131 2418 τοῦτο

84 2462 89 2468 ·
110 2448 206 2504 ποιεῖν
227 2441 284 2550 ἕσις
305 2448 413 2524 καιροῦ
435 2443 477 2513 εἷς
498 2465 595 2520 ονομα
618 2439 714 2504 αυτοῦ
734 2439 879 2522 ἠθέλησε,
901 2447 958 2502 τοῦ
949 2439 1132 2546 ἀποστρέ-

110 2544 171 2608 ψαι
194 2524 255 2588 ἀπὸ
277 2534 354 2630 τῆς
351 2524 508 2587 πολυθέοο
531 2527 714 2634 φαντασίας,
737 2550 787 2586 και
809 2524 849 2588 τὰ
864 2523 928 2588 κατ’
946 2523 1013 2599 ἔτος
1028 2523 1134 2600 αὐτοῖς

111 2611 303 2695 ytvdptavn’
277 2634 319 2683 εις
340 2607 450 2674 ἑαυτὸν
470 2609 668 2689 μεταλλάξαι.

198 2697 350 2779 καίτοιγε
372 2699 494 2758 πολλῶν
514 2700 636 2759 θυσιῶν
656 2693 724 2758 τότε
746 2699 1018 2779 προσενεχθεισῶν]
1064 2701 1134 2758 'loto

111 2787 157 2845 illo
179 2787 277 2862 spatio,
301 2805 355 2860 quo
376 2787 405 2843 in
427 2789 536 2844 deserto
558 2787 695 2844 israelitae
717 2787 815 2844 versati
837 2796 910 2852 sunt,
932 2805 1010 2844 saera
1024 2787 1134 2883 quidem

112 2872 246 2930 obtulisse
267 2873 323 2928 lleo
345 2881 424 2946 putat
445 2873 626 2946 Epiphanius,
650 2873 699 2929 sed
721 2874 795 2947 quod
817 2890 848 2928 ea
869 2889 919 2946 per
940 2889 1002 2929 sese
1024 2872 1135 2928 minime

112 2958 164 3033 ipsi
186 2957 340 3032 placerent,
370 2959 499 3033 quodque
521 2967 552 3014 nt
574 2957 607 3014 ab
629 2957 782 3016 Idololatria
805 2974 852 3014 eos
874 2964 1011 3014 averteret
1030 2956 1133 3029 potius,

114 3061 196 3118 quam
218 3043 292 3116 quod
314 3042 366 3099 illis
389 3043 558 3106 alliceretur,
582 3043 673 3101 ollerri
695 3043 747 3099 sibi
768 3060 865 3118 passus
888 3051 975 3107 esset,
998 3039 1061 3096 ideo
1084 3057 1135 3095 ne-

114 3145 179 3203 gare
202 3127 253 3184 sibi
274 3128 342 3184 haee
364 3127 454 3184 oblata
476 3129 560 3184 fuisse
581 3147 632 3202 per
654 3129 817 3203 Pmphetam
841 3128 984 3183 existimat.
1014 3125 1049 3180 At
1070 3123 1175 3186 Hie-81

114 3231 174 3270 ron.
199 3230 298 3269 comm.
314 3214 348 3268 ad
363 3214 455 3278 hmoz,
479 3213 573 3270 scribit
593 3214 728 3270 Israelitas
751 3222 810 3270 toto
832 3212 888 3277 illo,
911 3228 966 3286 quo
981 3206 1134 3266 in⁸deserto

114 3298 235 3362 luerunt,
258 3306 391 3371 tempore,
415 3316 469 3354 non
486 3297 551 3364 Deo,
575 3299 623 3354 sed
646 3298 727 3355 ldolis
749 3296 913 3353 immolasse.
942 3295 980 3352 m
995 3295 1072 3368 quod
1080 3311 1136 3368 po·

114 3392 184 3448 elec,
207 3383 304 3456 inquit,
327 3383 467 3455 quaedam
488 3384 609 3439 Domino
631 3399 677 3438 eos
700 3384 815 3454 lepirnus
837 3381 985 3444 obtulisse,
1007 3397 1066 3435 ιιοιι
1088 3397 1137 3435 oo·

116 3471 238 3532 lentate,
260 3469 311 3523 sed
328 3485 488 3540 poenarum
508 3471 635 3541 fecerunt
655 3475 743 3532 metu,
767 3474 793 3521 et
816 3482 911 3521 eorum
931 3465 1135 3538 interfectione,

117 3555 166 3628 pai
189 3561 310 3627 propter
330 3553 414 3609 Idolo
435 3561 610 3610 corruerunt.
653 3542 790 3608 Dominus
812 3558 905 3606 autem
925 3567 984 3606 αοα
1005 3566 1041 3607 ea
1062 3566 1136 3624 σασα

117 3639 282 3711 offerantur,
301 3640 355 3695 'sed
374 3639 547 3695 voluntatem
567 3639 683 3713 respicit
704 3637 889 3710 οῙῙοιαιιιιιοι.
934 3635 1049 3712 Cyrillus
1072 3651 1135 3691 vero
