2534 4154
157 288 220 356 810
615 298 730 355 Pettttt

156 457 210 514 illic
234 455 387 512 Dominicis
407 454 521 528 singulis
551 452 626 510 iubet
656 454 749 511 audire
778 454 895 511 Missam.
939 454 1000 511 Non
1027 465 1070 512 est
1098 457 1183 530 igitur

155 542 351 601 itancestre
373 539 493 602 Missam
515 555 545 594 ae
567 540 791 607 communicare,
813 557 864 595 uec
887 539 966 596 ambo
988 539 1033 596 illa
1059 540 1179 598 fidelium

155 643 206 685 usu
228 625 419 698 Ecclesiaeque
441 625 538 681 veteris
553 632 694 698 perpetuo
716 625 792 682 luere
814 624 968 683 coniuncta.

170 762 172 767 ,
243 704 365 787 τετράδι
388 703 422 765 δὲ
442 704 491 764 καὶ
508 705 539 766 ἓν
552 700 777 789 προσαββάτῳ]
807 709 1000 782 Antiquissima
1015 719 1057 766 est
1073 711 1181 783 utrius·v

157 813 210 869 que
233 795 324 851 ieiunii
346 795 450 868 religio,
474 795 550 851 cuius
573 805 601 850 et
624 794 650 852 in
672 795 795 851 Atriauis
818 811 900 868 supra
922 794 1088 853 mentionem
1112 797 1179 871 egit.

156 881 186 941 lu
211 882 312 936 Canon.
334 882 429 953 Apost.
448 883 485 938 69
517 897 577 935 cum
600 879 828 953 Quadragesimali
858 874 1006 956 τετράδος
1027 889 1054 936 et
1076 899 1180 954 παρα-

155 967 266 1038 σκευῆς
286 966 416 1025 ieiunium
439 965 531 1021 eadem
546 964 687 1021 sanctione
702 965 876 1039 praecipitur.
905 966 944 1020 dd
960 982 1040 1040 quem
1056 964 1179 1023 Balsama

156 1050 229 1106 istud
251 1049 370 1114 adnotat,
393 1050 505 1122 perinde
528 1049 633 1105 duabus
648 1049 700 1105 illis
716 1050 790 1106 seriis
812 1058 894 1122 atque
920 1049 946 1104 iu
974 1050 1179 1124 quadragesima

157 1129 347 1211 ξηροφαγίαν
375 1134 532 1209 praescribi.
578 1135 645 1191 Turn
672 1152 707 1190 uc
736 1134 873 1208 praesenti
902 1134 1010 1209 quidem
1033 1135 1130 1192 mortis
1153 1137 1179 1192 iu

157 1219 278 1292 periculo
308 1219 435 1276 carnibus
465 1220 536 1275 vesci
564 1218 656 1275 licere.
701 1220 820 1291 lguatius
848 1219 969 1291 Epist.5
1000 1221 1032 1277 ad
1061 1219 1179 1294 Philipp.

158 1305 277 1361 eiusdem
299 1306 437 1378 praecepti
459 1304 591 1360 meminit.
621 1304 651 1360 ln
675 1303 788 1361 Constit.
805 1307 899 1378 Apost.
911 1307 938 1370 7,
957 1306 995 1362 24
1018 1322 1114 1360 caussa
1131 1322 1180 1361 cur

156 1383 279 1463 τετράδι
303 1390 475 1445 ieiunandum
498 1390 534 1446 sit
556 1390 622 1445 hacc
645 1389 765 1452 affertur,
789 1390 863 1463 quod
887 1398 914 1444 et
928 1389 1113 1462 lenia-quarta
1130 1390 1182 1463 def

105 1473 301 1535 restituerem
324 1474 459 1530 aludaeis
482 1482 524 1529 est
547 1473 579 1529 de
602 1473 788 1532 interficiendo
805 1474 913 1530 Christo
930 1484 957 1532 ct
972 1474 1051 1531 iudas
1067 1491 1179 1547 operam

157 1575 232 1625 suant
255 1559 360 1617 detulit.
393 1560 440 1615 Cui
463 1559 642 1632 adstipulatur
664 1568 692 1614 et
713 1559 810 1615 Petrus
833 1559 1028 1617 Alexandrinus
1052 1558 1178 1616 Canlh.

155 1645 189 1701 Et
211 1645 318 1718 quidem
341 1644 488 1717 probabilis
511 1652 553 1699 est
574 1643 626 1699 ista
648 1645 725 1701 ratio.
756 1644 840 1712 Quam
863 1661 926 1709 vcro
949 1644 994 1700 hic
1008 1644 1177 1717 Epiphanius

156 1730 258 1799 reddit,
288 1729 353 1785 laisa
382 1739 424 1785 est
453 1739 480 1784 et
501 1729 675 1802 Evangelicae
702 1729 808 1786 veritati
830 1729 973 1786 contraria.
1020 1727 1082 1784 Vult
1105 1731 1177 1786 enirn

156 1814 293 1870 Christum
316 1814 457 1871 homiuum
479 1814 544 1869 leria
567 1815 662 1886 quarta
684 1815 920 1886 comprehensum.
963 1814 1042 1882 Quod
1064 1814 1092 1869 in
1115 1814 1178 1871 ilia·

156 1897 226 1953 tribu
255 1899 288 1954 dc
316 1899 444 1954 Passioue
472 1898 577 1956 Domini
606 1916 687 1971 supra
716 1899 868 1965 discussum
898 1917 929 1954 ac
959 1898 1107 1955 refutatum
1136 1908 1178 1957 est

156 1985 264 2054 utta.
305 1982 342 2036 lie
372 1982 466 2037 iisdem
493 1983 601 2039 ieiuniis
630 1984 795 2039 ruentioneur
824 1985 887 2039 lucit
909 2002 963 2039 uon
989 2000 1043 2040 uno
1066 1984 1094 2039 in
1117 1984 1177 2042 loco

156 2064 337 2126 Tertullianus
362 2075 388 2121 ct
410 2067 540 2123 stationes
570 2067 622 2123 illis
643 2067 709 2141 ipsis
732 2068 827 2123 diebus
851 2068 919 2127 obiri
942 2069 1116 2128 consuevisse
1139 2070 1178 2126 si-

155 2151 279 2224 gnificat,
303 2160 333 2206 ut
356 2152 381 2207 in
405 2150 451 2207 lih.
475 2151 509 2206 dc
530 2151 637 2207 ieiuniis
660 2161 754 2208 contra
776 2152 937 2225 Psychicos:
969 2153 1026 2208 Cur
1046 2155 1177 2212 stationi·

142 2230 207 2294 *hue
235 2245 368 2308 quartam
395 2244 421 2291 et
447 2245 557 2293 acutam
586 2236 706 2293 Sabbata¹
735 2237 861 2293 dircaeus
891 2246 917 2292 et
944 2237 1060 2294 taeniis
1084 2238 1177 2294 Parc·

154 2324 285 2378 acerem?
321 2323 353 2377 Et
376 2339 399 2378 c.
418 2324 451 2380 2:
475 2321 521 2378 St'c
544 2329 571 2376 et
592 2320 740 2394 Apostolos
763 2324 1076 2392 accerversantem
1097 2325 1178 2381 aliud

156 2407 328 2478 imponentes·
349 2409 444 2478 icquar
466 2415 606 2462 certorum
628 2415 654 2462 et
675 2408 706 2462 ia
728 2424 870 2462 commune
893 2408 1020 2467 revertas,
1035 2410 1176 2466 obeundo·

59 2534 60 2541 ,
155 2509 217 2546 rum
238 2492 424 2561 ieiuniorum,
450 2493 571 2564 proinde
593 2494 832 2558 peccacatorum,
863 2509 937 2566 quae
959 2501 986 2546 et
1007 2493 1089 2566 ipsae
1110 2509 1176 2551 saco

155 2577 267 2647 quidem
295 2579 354 2632 dies
382 2577 521 2642 habeant,
551 2585 672 2650 quartae
698 2578 790 2648 seriae
819 2585 845 2633 et
866 2586 973 2634 sectae.
1020 2578 1176 2635 Cuiusmodi

156 2677 238 2731 porro
261 2659 397 2717 Stationes
426 2662 486 2717 illae
516 2662 617 2721 luerint
649 2672 676 2718 et
704 2670 796 2722 utrum
824 2663 923 2727 ieiunia
951 2663 1008 2734 ipsa
1037 2663 1176 2721 Stationes

155 2744 306 2816 appellatae
328 2745 391 2811 sint,
415 2746 495 2818 paulo
519 2756 561 2802 est
583 2748 636 2803 hoc
651 2746 883 2820 locovdiiigcutius
899 2747 1099 2822 inquirendum.
1124 2749 1176 2804 Res

156 2829 230 2887 enirn,
255 2838 297 2884 cst
320 2846 373 2886 nou
397 2831 485 2886 rninus
515 2832 605 2887 studio
638 2832 719 2905 digua
748 2849 831 2904 quarn
853 2843 966 2906 propter
987 2833 1176 2906 antiquitatem

155 2913 287 2980 obscura..
305 2931 394 2989 neque
417 2915 496 2988 vulgo
520 2917 585 2972 satis
608 2917 726 2990 cognita.

159 3034 182 3063 3-
240 2997 377 3055 Stationes
406 3001 489 3073 igitur
517 3010 603 3057 statos
632 2997 884 3067 ieiuniorumesse
907 3002 965 3058 dies
985 3001 1126 3057 Pamciius'
1146 3002 1177 3059 ad

153 3082 201 3139 lib.
225 3083 258 3139 de
275 3085 386 3141 Corona
403 3085 456 3142 tht.
481 3103 504 3142 c.
518 3089 550 3143 11
578 3086 688 3142 scribit:
712 3087 879 3159 metaphora
902 3105 920 3142 a
941 3088 1077 3143 militibus
1101 3095 1173 3153 ortu,

153 3171 227 3240 qaod
247 3171 373 3240 quandiu
394 3171 425 3234 asa
446 3173 568 3227 statione
591 3180 680 3236 eraut,
702 3172 832 3231 ieiunare
847 3187 894 3227 eor
909 3173 1066 3244 oportebat.
1096 3173 1176 3243 Quod

154 3262 182 3309 et
204 3253 267 3309 alibi
287 3255 388 3326 passim
408 3256 518 3329 repetit.
548 3260 586 3313 Ac
607 3256 738 3315 ieiunium
761 3256 870 3328 quidem
893 3257 1037 3314 stationem
1053 3274 1115 3315 cum
1131 3256 1177 3315 alii

154 3337 277 3410 plerique
293 3349 397 3403 vocent,
422 3351 480 3397 tum
495 3341 607 3398 Hermas
630 3342 676 3397 lih.
695 3346 722 3396 3.
747 3342 833 3397 Sirnii.
851 3344 885 3398 5:
910 3341 986 3410 Quid
1003 3351 1052 3410 est,
1077 3344 1176 3417 inquit,

153 3423 260 3478 statio?
288 3423 325 3478 et
348 3417 417 3489 diri,
440 3426 590 3483 Isurium.
622 3426 768 3485 Rhahanus
789 3426 899 3487 Maurus
920 3427 968 3486 tit.
986 3430 1014 3488 2,
1027 3429 1060 3484 de
1082 3429 1174 3491 instit«

155 3505 249 3562 Cierio.
273 3510 346 3572 c.18
370 3527 402 3566 ex
430 3511 600 3584 quorundam
626 3511 761 3575 sententia
782 3511 854 3568 inter
874 3513 1004 3573 ieiunium
1027 3522 1055 3570 et
1078 3515 1176 3571 statio-

154 3607 216 3657 nem
239 3592 265 3649 id
287 3597 420 3652 interesse
442 3594 544 3660 scribit,
568 3597 640 3670 quod
663 3596 791 3654 ieiunium
814 3598 1009 3668 indifferenter
1023 3601 1176 3659 uetustiora
