2534 4154
470 336 760 404 iuruaovensrouss
1066 323 1128 386 233

106 493 187 549 llaer.
200 494 298 558 asta
321 483 519 565 ὁρμασθῇναι
543 492 635 548 eadem
659 493 684 548 in
708 491 907 566 significatione
929 493 1179 557 distractores

106 578 224 635 Theclae
248 569 412 654 ὁρμαστὰν,
435 577 488 632 boc
511 587 552 633 est
573 594 714 650 sporum,
738 578 865 650 appellat.

105 688 109 695 ·
194 666 254 720 tte
270 662 297 718 d.
327 658 361 719 ἓν
380 655 414 717 δὲ
436 654 656 742 τῷἜβραῦτῷ
677 657 765 738 λέγει]
811 663 952 719 Latissime
980 665 1025 719 hic
1052 664 1129 722 taem

106 747 271 821 expenditur
290 748 317 802 in
332 748 478 803 Ancorato.
509 747 638 803 Hebraica
662 765 711 803 vox
735 759 796 822 emp
815 749 963 820 possidere
986 749 1129 823 signillcat.

104 834 171 890 ldeo
187 832 282 908 Aquila
304 826 454 906 lundonae
475 833 564 888 vertit.
594 834 628 887 At
643 832 803 906 exemplaria
820 833 921 889 Graeca
937 834 1016 907 vulgo
1033 828 1129 891 ἔκτισε

104 919 159 974 iam
181 926 240 973 turn
264 917 336 981 olim,
359 926 390 972 ut
412 916 548 990 hodieque
571 917 736 989 praeierunt.
783 918 866 986 Quam
888 919 1035 976 lectionem
1058 920 1130 977 baud

105 1003 206 1077 probat
228 1003 337 1058 lliaron.
361 1002 395 1058 ad
417 1003 457 1058 26
479 1019 538 1074 cap.
561 1002 621 1058 Esa.
645 1005 774 1067 constit,
798 1001 844 1058 nbi
867 1004 903 1059 ait
925 1006 1057 1076 quaedam
1081 1023 1129 1062 es·

106 1089 235 1161 enplaria
255 1087 327 1142 male
348 1087 375 1142 in
398 1087 550 1142 Proverbiis
572 1105 623 1160 pro
645 1088 819 1160 possessione
841 1088 943 1144 habere
966 1101 1128 1146 ereaturam.

105 1173 207 1229 lterum
235 1171 421 1244 antiquissima
451 1181 494 1227 est
516 1173 679 1228 Graecorum
708 1173 832 1229 codicum
855 1173 899 1228 illa
922 1174 1018 1239 lectio,
1047 1193 1129 1250 quam

106 1258 230 1333 pleriqm
254 1273 348 1314 omnes
370 1257 463 1313 Patres
486 1267 654 1329 agnoscunt,
678 1257 758 1313 etiam
779 1257 831 1321 illi,
861 1258 908 1332 qui
930 1267 993 1314 ante
1015 1261 1129 1316 Arianos

104 1346 265 1406 extiterunt,
288 1342 328 1397 uti
351 1342 435 1398 (llum.
458 1341 600 1398 Alexandr.
623 1343 649 1398 in
666 1343 846 1415 Protreptico.
878 1343 996 1416 {gnatius
1012 1343 1128 1417 Epist.4

106 1429 140 1484 ad
163 1429 319 1484 Tarsenses.
365 1427 546 1483 Tertullianus
568 1427 586 1483 l.
610 1437 698 1484 contr.
722 1427 849 1500 Hermog.
873 1445 897 1483 c.
915 1431 948 1493 9,
979 1429 1129 1501 Cyprianus

107 1514 125 1570 l.
144 1516 161 1571 2
185 1512 333 1569 Testimon.
356 1513 484 1567 adversus
496 1512 610 1568 ludaeos
626 1530 649 1568 c.
663 1516 688 1577 1,
712 1521 743 1568 ut
758 1513 942 1575 Athanasium.
968 1514 1129 1586 Gregorium

106 1597 231 1654 Enniana.
255 1615 286 1653 ac
308 1606 432 1653 caeteros
447 1598 579 1652 omittam.
620 1598 741 1667 Quorum
763 1598 807 1652 alii
830 1597 863 1652 de
886 1607 974 1654 creata
996 1599 1128 1671 sapientia

106 1682 199 1740 locum
226 1682 300 1738 illurn
330 1682 480 1755 accipiunt,
510 1681 552 1737 alii
580 1682 613 1738 ad
633 1683 782 1737 increatam
804 1683 935 1739 rel'ernnt.
981 1683 1055 1752 Quae
1077 1700 1129 1739 nos

107 1769 251 1825 Sarranum
279 1768 418 1823 literarum
438 1765 639 1839 interpretibus
669 1767 835 1823 enucleanda
862 1768 1050 1841 relinquimus.
1094 1772 1154 1826 At·

106 1853 273 1928 Epiphanius
303 1869 398 1908 novam
427 1851 560 1924 quandam
583 1851 715 1908 Hebraico
744 1853 826 1909 verbo
854 1854 991 1909 notionem
1015 1853 1127 1927 altingit,

106 1949 138 1996 ut
157 1937 230 1993 idem
253 1938 289 1992 sit
310 1950 372 2009 ’rap
396 1945 477 2009 atque
499 1930 661 1993 ἓνόσσευσέ
678 1954 732 2011 με,
755 1939 831 2010 quasi
855 1939 986 2012 scriptum
1008 1939 1043 1995 sit
1066 1953 1128 2014 ’πρ

106 2040 124 2079 a
149 2022 305 2096 duplicante
330 2023 400 2077 Aiiu.
445 2022 511 2076 Nam
537 2036 585 2100 pp
616 2030 658 2078 est
684 2024 846 2097 nidificare,
877 2025 931 2080 sive
958 2027 1040 2080 nidos
1062 2042 1129 2080 oon·

104 2116 230 2165 mere:
254 2107 327 2179 quod
350 2124 405 2162 non
428 2106 498 2163 idem
516 2117 558 2163 est
572 2125 603 2164 ac
616 2108 710 2180 foetos
726 2111 883 2173 conludere,
906 2109 947 2164 vel
959 2112 1128 2181 producere,

104 2203 137 2250 nt
158 2192 307 2249 arbitratur
328 2192 504 2265 Epiphanius.
535 2194 598 2249 ldeo
621 2192 712 2248 nullus
735 2195 798 2249 huic
820 2194 941 2266 argutiae
962 2194 1039 2250 locus
1062 2204 1113 2250 est.

104 2303 111 2309 ·
195 2281 251 2335 751
271 2295 295 2332 a.
326 2270 406 2332 ἀλλὰ
428 2268 551 2344 πάντως
572 2273 648 2354 ἐρεῖς
668 2277 735 2350 μοι]
780 2277 949 2333 observanda
974 2279 1041 2333 haec
1063 2279 1129 2350 Epi-

106 2364 198 2438 plranii
221 2362 253 2417 ad
270 2363 430 2417 Asianorum
453 2361 559 2417 obiecta
581 2363 733 2434 responsio,
758 2379 819 2418 curn
841 2363 879 2417 ait
901 2353 969 2417 odae
985 2356 1128 2431 θέλοντα,

104 2439 176 2523 οὔτε
198 2441 242 2522 μὴ
266 2441 399 2502 θέλοντα
420 2447 526 2501 Patrem
549 2446 677 2518 genuisse
700 2446 806 2502 Filium.
842 2447 907 2501 Nam
930 2445 1128 2503 vetustissimos

104 2534 202 2590 Patres
231 2533 296 2588 satis
325 2540 432 2587 constat
459 2531 511 2586 hac
533 2531 559 2586 in
581 2539 659 2604 parte
680 2548 736 2586 non
758 2530 816 2586 sine
839 2531 965 2587 cautione
986 2532 1127 2605 legendos

105 2621 153 2692 qni
175 2633 371 2691 nonnunquam
394 2604 501 2672 Patrem
524 2624 650 2671 asserunt
672 2615 811 2672 voluntate
834 2633 880 2670 sua
904 2616 1000 2672 Filium
1024 2617 1129 2690 produ-

106 2704 187 2759 xisse.
232 2702 270 2757 lta
293 2702 488 2764 lustinus‚-nt
510 2716 592 2773 supra
614 2701 792 2764 monuimusa
815 2695 894 2757 κατὰ
915 2696 1033 2776 βουλὴν
1053 2694 1130 2758 θεὸν
1209 2722 1212 2727 ’

72 2777 76 2785 ’
104 2780 181 2846 ὄντα
206 2778 274 2842 υἱὸν
299 2779 394 2842 αὐτοῦ
423 2785 496 2842 (lixit.
542 2785 685 2841 Caeterum
706 2787 874 2859 Augustinus
897 2787 1067 2861 Soplristicae
1090 2788 1127 2844 illi

104 2874 267 2929 Asianorum
296 2870 456 2927 cavillationi
483 2871 624 2944 ingeniose
652 2887 683 2926 ac
705 2871 842 2928 subtiliter
864 2874 992 2929 occurrit.
1038 2874 1127 2929 Tract.

106 2966 194 3015 contr.
218 2974 300 3012 serm.
323 2955 414 3011 Arian.

105 3068 108 3073 ¹
195 3033 296 3098 755⁴d.
328 3033 392 3096 ἀλλ’
417 3037 495 3118 ἐρεῖς
514 3057 584 3114 μοι·
606 3031 776 3116 abaciam]
821 3041 885 3098 Vide
909 3041 1020 3097 Concilii
1042 3041 1128 3114 Aqui-

104 3127 217 3184 leiensis
249 3128 329 3190 Acta,
363 3125 410 3181 ubi
437 3126 572 3182 Ambrosii
605 3143 687 3200 opera
717 3127 850 3183 Palladius
884 3137 912 3182 et
940 3126 1128 3196 Secundianus

94 3213 196 3269 'Ariani
218 3210 345 3284 Episcopi
367 3211 485 3266 damnati
506 3219 586 3277 sunt,
615 3212 660 3284 qui
682 3212 754 3267 inter
775 3220 880 3267 caetera
904 3211 951 3266 llei
974 3210 1058 3273 lilium
1080 3227 1130 3265 ve·

105 3313 167 3354 rnrn
190 3297 275 3352 Deum
298 3296 375 3351 lateri
397 3295 529 3369 compulsi
552 3296 627 3352 miris
650 3295 917 3369 tergiversationibus
941 3295 1062 3350 eludunt.

107 3418 112 3428 ·
193 3383 253 3439 763
269 3380 295 3436 d.
327 3376 353 3436 al
376 3375 410 3436 dd
431 3377 462 3436 ἐν
483 3375 592 3460 κόσμῳ
612 3366 664 3455 ἦν]
694 3379 765 3435 Nova
788 3379 902 3452 quadam
924 3380 1029 3436 ratione
1047 3380 1128 3435 loan-

104 3467 148 3523 nis
178 3466 222 3523 illa
244 3465 325 3522 verba
347 3465 479 3521 ‹leclaratz
511 3456 545 3532 ὃς
566 3459 744 3541 ἔμπροσθέν
762 3482 823 3537 paon
846 3458 961 3540 γέγονε,
988 3466 1040 3536 aas
1062 3473 1129 3521 anto

105 3565 149 3608 nte
170 3553 271 3624 somne
289 3558 344 3617 ταῖς
367 3559 397 3606 nt
420 3550 554 3624 interpres
576 3558 672 3606 noster
685 3549 810 3614 reddidit,
834 3551 910 3624 quasi
924 3545 1127 3625 ydpouenidem

106 3635 241 3712 significet
268 3652 305 3692 ac.
319 3637 424 3707 senam
445 3635 510 3705 ,sire
535 3636 689 3712 proiectum
709 3643 756 3691 aut
777 3634 875 3695 alicubi
898 3645 1041 3692 versatum.
1056 3652 1127 3692 esso
