2534 4154
133 397 141 415 „
173 331 245 395 2585
562 364 566 369 ·
618 343 753 397 remur
813 341 831 353 ·’

171 505 313 577 finierat*
336 501 464 555 Nimirum
487 501 559 572 quod
582 495 628 555 dni
650 495 782 578 Δάφνῃ,
804 499 845 555 rel
868 493 915 555 iol
937 493 1071 577 Δάφνης
1092 501 1190 557 crehro

173 588 367 647 nominaretur,
392 585 460 657 vulgi
480 585 676 640 consuetudine
702 585 801 640 lactum
825 594 855 639 ut
870 601 924 640 una
938 602 1004 640 voce
1018 576 1199 662 'Eurddtprrp
1223 633 1225 637 ,

173 671 283 744 llaphne
305 671 361 743 ipsa
385 670 529 732 diceretur,
553 670 779 744 quemadmodum
801 687 833 724 ex
855 669 959 726 duabus
983 671 1040 725 istis
1064 668 1191 726 Homeri-

172 759 209 812 cis
232 755 342 811 vocibus
366 751 396 809 ἐν
412 746 555 830 Ἀρίμοις,
580 755 723 810 Inarimen
746 754 879 810 conllasse
895 755 1032 828 Virgilium
1049 754 1196 810 Gramma-
1246 747 1248 752 ⁸

172 842 216 898 tici
239 841 420 912 suspicentur.
466 840 555 907 Quare
577 857 631 894 non
656 841 791 895 assentior
813 839 924 904 Ortelio,
948 840 995 914 qui
1018 841 1089 912 apud
1113 841 1192 896 'laci'-

172 937 228 982 tuur
252 936 279 981 et
301 922 414 979 Plinium
437 941 486 996 pro
508 923 698 997 Epidaphnc,
716 924 755 979 rel
777 924 962 997 Epidaphnce
984 924 1191 981 rescribendum

172 1011 257 1066 credit
280 1010 378 1064 Latinis
408 1008 530 1072 vocibus,
561 1012 638 1082 opud
659 1009 807 1082 Daphnen.
853 1009 889 1064 Er
919 1010 951 1064 iis
974 1009 1070 1065 rnerito
1095 1011 1190 1066 comici

171 1104 271 1168 potest,
295 1094 365 1166 apud
388 1094 566 1166 Epiphaniam
589 1095 696 1149 inverso
719 1094 862 1148 teritorum
886 1095 980 1149 ordine
1002 1095 1038 1172 ite
1061 1095 1116 1168 legi
1140 1112 1192 1167 po-

172 1183 225 1236 tius
248 1189 385 1252 oportere,
408 1179 463 1251 τῆς
483 1173 561 1253 πρὸς
582 1172 697 1256 Δάφνῃ
715 1172 912 1252 Ἀντιοχείας,
936 1194 1015 1253 quam
1039 1178 1103 1254 τῆς
1116 1174 1193 1256 πρὸς

122 1257 293 1337 306Ἀναοχ.
309 1261 396 1340 dorp.
426 1264 518 1336 Neque
541 1273 629 1319 tamen
653 1272 797 1337 propterca
822 1264 978 1336 explicatior
1000 1262 1044 1319 hic
1064 1264 1126 1337 ipse
1148 1264 1192 1320 lo-

173 1368 219 1407 cus
242 1350 331 1405 luerit.
363 1349 552 1416 Quaerendum
575 1348 646 1404 enim
669 1358 808 1421 praeterea
832 1365 881 1404 cur
905 1349 1034 1403 laodicea
1057 1342 1192 1424 τῆςἈνἡ

170 1429 301 1507 τιοχειάς
321 1434 481 1507 appelletur.
519 1437 558 1489 An
582 1435 633 1489 hoc
656 1434 860 1489 existimandum
876 1443 933 1498 est,
957 1435 1127 1489 Antiochiam
1152 1434 1194 1498 vel

171 1521 301 1592 Daphnen
324 1536 373 1593 pro
396 1519 508 1591 regione
530 1519 587 1592 ipse
611 1527 638 1573 et
654 1519 805 1590 Coelesyria
828 1531 1023 1590 nonnunquam
1045 1514 1193 1592 usurpari?

171 1605 244 1679 quod
266 1605 408 1678 sequentia
430 1604 537 1666 docent,
561 1620 622 1659 cum
644 1604 717 1658 addit
737 1595 831 1678 ἤγουν
853 1605 907 1678 τῆς
928 1599 1044 1676 Κοίλης
1065 1597 1191 1679 Συρίας.

172 1690 374 1762 daphnensium
397 1689 504 1763 quidem
529 1689 749 1744 Comitatensium
773 1690 844 1744 inter
864 1689 986 1761 legiones
1009 1689 1109 1743 Notitia
1132 1704 1193 1744 me-

172 1775 258 1829 minit.
289 1775 409 1828 dicerem
433 1774 592 1829 Antiocheni
616 1773 727 1828 alicuius
745 1774 870 1846 Episcopi
894 1790 993 1827 nornen
1016 1772 1060 1828 hic
1082 1774 1193 1829 deside-

173 1859 240 1920 rari,
265 1859 286 1912 si
310 1857 370 1931 quis
393 1868 549 1913 occurreret
572 1859 798 1914 Semierianorum
822 1859 911 1914 fautor
934 1867 961 1913 ct
984 1859 1110 1930 signifer,
1142 1876 1193 1914 cu-

172 1943 286 1996 iusmodi
310 1942 412 1996 nullum
436 1944 552 2014 reperio.
592 1944 647 1998 lrno
670 1960 733 1998 vero
758 1943 902 2007 lludoxius,
926 1943 972 2015 qui
994 1944 1191 1998 Antiochenam

173 2027 264 2081 sedem
288 2035 350 2099 post
373 2027 476 2081 leontii
500 2027 602 2081 ohitnm
626 2028 774 2098 occupavit,
798 2028 885 2082 Basilii
908 2043 939 2082 ac
962 2027 1069 2100 Georgii
1094 2029 1193 2083 Laodi-

173 2112 232 2167 ceni
254 2129 304 2184 per
325 2111 367 2166 illa
390 2120 515 2184 tempora
539 2112 624 2166 hostis
647 2113 793 2166 acerrimus
816 2112 875 2167 luit.
906 2112 970 2168 Vide
986 2112 1095 2167 Sozom.
1114 2115 1190 2177 ult

173 2196 409 2269 et'sequentibus.
441 2196 537 2251 Credat
559 2197 642 2268 igitur
663 2197 758 2269 aliquis
782 2196 814 2252 ab
830 2197 979 2270 Epiphanio
995 2188 1050 2270 τὴν
1064 2189 1192 2252 entm-

171 2277 284 2362 τιοχαά
305 2274 440 2358 Δάφνην
461 2299 510 2354 pro
535 2281 614 2336 Coele
637 2282 713 2354 Syria
736 2283 870 2337 hocloco
893 2282 972 2346 sumi,
996 2283 1068 2354 quod
1092 2294 1191 2337 norum

173 2368 237 2422 mihi
266 2376 292 2422 et
320 2366 470 2422 inauditum
500 2383 559 2422 esse
582 2367 677 2422 lateor.
723 2367 873 2435 Quodnisi
896 2367 939 2422 cui
962 2367 1117 2422 coniectum
1141 2368 1191 2423 ista

172 2453 292 2525 placeat,
322 2452 518 2524 simplicissima
547 2460 574 2507 ct
601 2452 715 2507 sortasse
744 2469 805 2506 vere
828 2451 896 2507 retio
920 2460 976 2517 est,
1007 2462 1038 2507 ut
1060 2452 1191 2508 Laodicea

172 2547 353 2609 cognomento
377 2537 510 2609 Daphnes
539 2537 670 2609 appellate
699 2537 834 2600 videatur,
865 2536 937 2608 quod
967 2537 992 2592 ei
1019 2536 1081 2593 locu
1109 2537 1191 2610 longe

173 2621 339 2676 nobilissimo
368 2638 399 2676 ae
427 2622 604 2677 celeberrimo
633 2622 786 2694 propinqua
810 2623 893 2685 leret,
923 2615 1003 2676 κατὰ
1026 2616 1192 2696 διαστολὴν

172 2706 319 2780 Laodiceae
347 2707 472 2772 alterius3
501 2708 555 2761 imo
584 2706 702 2779 plurium
730 2707 841 2762 aliarum
871 2707 1072 2778 cognominum.
1117 2708 1192 2762 lnter

172 2790 242 2845 hanc
264 2807 342 2853 vero,
373 2791 416 2844 cui
439 2802 466 2846 et
490 2790 627 2846 Cohioeoe
649 2808 748 2846 nomen
770 2792 893 2856 inditum,
917 2799 944 2846 et
965 2791 1135 2846 Antiochiam
1158 2792 1190 2847 ad

173 2875 474 2946 Orontcnr‚intericcta
496 2876 545 2930 luit
561 2876 680 2948 Daphne.
712 2876 788 2944 Quod
811 2885 842 2930 ut
864 2877 1017 2949 expressius
1041 2876 1214 2932 declararet·

173 2960 352 3034 Epiphanius,
382 2960 478 3015 adiecit
499 2952 592 3034 ἤγουν
614 2956 730 3034 Κοίλης
751 2956 879 3038 Συρίας,
904 2978 938 3016 ne
961 2961 1021 3032 quis
1044 2961 1189 3034 Phrygiam

171 3055 289 3118 putaret,
313 3043 457 3099 eulaliam
481 3043 635 3116 quamlibet.

179 3155 182 3160 ·
258 3132 318 3188 846
335 3147 358 3184 a.
387 3121 407 3204 ἡ
431 3122 502 3204 ἁγία
525 3123 665 3204 σύνοδος]
696 3130 1058 3203 llegnanohisnonsolum
1075 3130 1190 3203 delipi-

171 3215 403 3288 pharmacum,
429 3215 475 3269 sed
498 3215 531 3270 de
555 3216 627 3269 omni
650 3217 728 3271 etiem
752 3215 911 3287 antiquitate
934 3225 961 3270 et
983 3214 1096 3270 historia
1119 3215 1189 3271 hene

157 3297 292 3356 'merendi
314 3301 503 3372 opportunitas
527 3301 578 3356 hoc
601 3301 627 3355 in
650 3301 710 3356 loeo
734 3299 894 3371 praelietur,
925 3298 969 3354 uhi
993 3299 1026 3353 de
1049 3303 1188 3372 Ancyram

169 3401 200 3440 ac
216 3385 355 3440 Sirmiensi
370 3385 597 3458 Pseudosynodis‚
622 3386 734 3458 aliisque
750 3384 975 3440 Semiarianorum
993 3386 1188 3441 conventiculis

168 3471 281 3541 agitur·
311 3471 431 3538 Quorum
461 3480 518 3525 acta
545 3480 572 3525 et
594 3480 717 3543 tempore
740 3471 777 3525 sic
800 3470 876 3542 apud
892 3480 998 3526 veteres
1021 3471 1135 3542 perinde
1158 3484 1188 3525 ec

167 3556 332 3609 recentiores
355 3555 465 3610 condisa
489 3556 701 3628 perturbataque
725 3565 797 3619 sunt,
821 3555 894 3611 nulla
916 3565 946 3610 ut
967 3555 1097 3611 historiae
1119 3567 1193 3629 pars

164 3638 289 3710 impedita
306 3640 389 3712 tnagis
405 3657 436 3694 ao
450 3639 564 3698 <dificilis
580 3649 715 3714 appareat.
743 3640 832 3696 Ilicem
848 3657 903 3696 non
917 3640 1061 3696 iactantiae
1076 3656 1196 3704 noussen

939 3726 954 3761 l.
1013 3740 1017 3753 ι
1045 3752 1064 3760 ,.
1097 3754 1111 3762 .,
