2534 4154
153 312 194 372 46
605 319 720 369 teratu

153 487 222 535 tuos.
254 478 341 545 Quare
355 475 436 548 lriget
451 475 518 530 haec
533 491 617 530 novae
633 474 704 530 vocis
721 473 883 530 observatio.
913 475 1001 532 Locus
1018 483 1060 534 est
1073 475 1169 533 llatth.

153 566 202 629 23,
222 563 248 626 5,
273 562 300 616 in
323 577 377 633 quo
399 561 432 616 ad
448 560 603 635 thaphoth
626 567 653 614 et
668 559 793 615 frontalia
809 559 932 615 Christus
947 569 1104 633 respectum
1119 563 1173 616 ha-

151 647 244 703 buisse
265 645 380 703 videtur.
409 645 475 700 Nam
496 645 656 700 Pharisaeos
679 644 881 717 perstringens:
904 644 1048 710 Dilatant,
1072 646 1170 720 inquit,

147 732 327 805 phylacteria
348 746 409 794 eun,
433 738 459 785 et
480 730 662 802 magnificant
681 730 817 802 fimbrias.
848 730 934 798 Quem
951 731 984 786 ad
999 731 1089 786 locum
1105 730 1173 786 llic-

151 834 256 889 ronym.
272 815 478 872 Pharisaeorum
501 814 722 887 superstitionem
745 822 830 879 notat,
855 815 901 889 qui
924 815 996 887 quod
1012 815 1173 889 simpliciter

151 919 167 957 a
189 901 244 957 [leo
267 901 421 957 mandatum
442 908 508 965 erat,
533 907 563 955 ut
584 899 613 954 in
628 899 698 971 Lege
720 899 873 956 meditanda
889 899 1109 973 observandaque
1124 917 1173 956 as-

152 986 228 1042 sidue
250 994 436 1050 versarentur,
465 985 559 1058 utique
585 984 630 1039 illa
651 993 714 1040 ante
736 983 830 1056 oculos
852 993 986 1058 perpetuo
1009 985 1086 1058 quasi
1109 1002 1173 1040 mo-

151 1071 300 1127 nimentum
324 1071 458 1145 quoddam
481 1078 592 1135 extaret,
615 1070 652 1124 ita
673 1069 843 1141 interpretati
866 1079 939 1134 sunt,
967 1071 1043 1144 qua'si
1066 1069 1173 1127 descri-

147 1164 224 1229 ptam
246 1157 273 1211 in
296 1155 458 1211 membranis
480 1155 567 1228 legem
590 1162 617 1209 et
639 1153 774 1209 frontibus
798 1153 931 1226 alligatam
946 1156 1047 1227 gestari
1063 1154 1173 1228 praeci-

150 1250 237 1312 peret.
283 1241 413 1309 Quocirca
441 1242 509 1296 haec
537 1239 626 1312 opinio
651 1238 805 1311 Hieronymi
833 1239 898 1303 luit,
929 1240 1033 1295 nullum
1055 1241 1171 1295 ludaeos

150 1327 305 1381 mandatum
338 1325 465 1381 habuisse
494 1325 526 1380 de
548 1323 723 1396 Phylacteriis
753 1340 783 1380 ac
810 1323 972 1380 frontalibus
995 1324 1170 1390 membranis,

150 1411 198 1466 scd
220 1428 317 1466 crasse·
333 1410 393 1466 illos
417 1420 444 1465 et
465 1409 589 1482 imperite
605 1407 727 1464 Divinum
749 1409 883 1464 monitum
905 1409 1052 1482 accepisse.
1083 1410 1172 1478 Quam

150 1495 185 1552 ob
208 1513 329 1551 caussam
352 1496 481 1551 acerrime
504 1511 519 1548 a
541 1493 677 1566 Scaligero
700 1495 882 1566 reprehensus
906 1503 956 1558 est,
981 1495 1027 1568 qui
1050 1512 1082 1550 ex
1104 1493 1173 1567 ipsis

149 1580 216 1653 legis
240 1580 327 1636 verbis
350 1587 453 1652 pugnat
475 1580 502 1634 in
525 1578 644 1634 Elencho
668 1596 691 1634 c.
707 1581 734 1641 F,
768 1595 798 1633 ea
820 1579 878 1651 ipsa
900 1578 1066 1651 phylacteria
1087 1596 1172 1652 prae*

149 1665 249 1738 scripta
271 1665 364 1720 luisse.
395 1664 454 1719 Non
477 1663 581 1718 inficior
603 1663 674 1718 idem
694 1671 721 1718 et
736 1663 873 1736 plerisque
888 1663 940 1718 PP.
957 1664 1049 1729 videri,
1074 1675 1102 1719 et
1118 1665 1172 1719 im-

150 1749 242 1822 primis
265 1749 377 1812 lustino,
401 1749 428 1803 in
452 1748 561 1820 Dialogo
585 1765 647 1803 oum
662 1747 816 1820 Tryphone,
841 1748 873 1803 de
896 1749 1033 1820 gestandis
1056 1748 1173 1821 alligan-

150 1832 244 1906 disque
267 1832 437 1896 frontalibus,
461 1833 616 1888 mandatum
638 1832 743 1888 ludaeis
766 1833 877 1889 editum.
909 1833 963 1888 Sed
985 1833 1100 1906 exlegis
1117 1835 1172 1889 hoc

149 1916 237 1971 verbis
261 1926 353 1988 aperte
377 1917 465 1989 colligi
488 1934 578 1990 posse,
602 1917 674 1990 quod
699 1927 776 1990 putat
791 1917 919 1990 Scaliger,
943 1918 996 1973 hoc
1018 1935 1080 1972 vero
1105 1935 1173 1990 per-

149 2018 229 2073 nego.
273 2001 306 2055 Et
329 2001 414 2056 multo
436 2003 501 2056 mihi
525 2001 690 2073 probabilior
712 2002 867 2075 Hieronymi
890 2004 1024 2058 sententia
1046 2004 1170 2058 videtur:

150 2103 211 2142 cum
234 2086 419 2158 antiquissima
441 2087 602 2142 ludaeorum
625 2087 794 2143 consuetudo
811 2105 866 2143 non
881 2088 967 2143 maius
982 2089 1033 2144 hac
1048 2089 1076 2143 in
1092 2097 1170 2160 parte

149 2170 342 2245 praeiudicium
366 2171 472 2236 all'erat,
502 2189 582 2244 quam
605 2172 725 2228 sexcenti
747 2171 790 2227 1111
813 2172 896 2237 111111,
921 2189 952 2227 ac
974 2164 1172 2250 δευτεριόσεις

149 2256 359 2330 nugacissimae‚
390 2273 457 2329 quos
486 2256 539 2312 iam
561 2265 618 2312 tum
642 2256 740 2311 Christi
762 2256 867 2312 Domini
890 2266 1012 2330 tempore
1036 2275 1068 2314 ex
1091 2257 1172 2331 Legis

149 2342 238 2398 verbis
261 2359 317 2397 nou
338 2343 426 2397 minus
449 2342 545 2397 stolide
569 2358 649 2415 quam
671 2342 846 2414 pertinaciter
861 2342 1013 2398 eliciebant.
1053 2343 1091 2398 De
1108 2343 1172 2398 llm·

149 2427 215 2482 briis
238 2427 316 2482 aliter
338 2427 519 2484 sentiendum¹
566 2427 672 2483 Etenim
694 2427 773 2482 Num.
793 2431 836 2492 15,
856 2429 894 2485 38
919 2428 1057 2500 conceptis
1080 2427 1171 2483 verbis

148 2511 278 2567 iubentur
298 2514 424 2584 fimbrias
441 2530 496 2585 per
506 2513 663 2584 palliorum
678 2513 799 2583 angulos
814 2513 927 2577 habere,
951 2513 1100 2584 iisdemque
1115 2514 1170 2568 uit·

149 2602 192 2650 tas
214 2596 413 2664 hyacinthinae
436 2599 592 2670 adiungere.
634 2597 764 2653 Fimbrias
787 2597 918 2653 hebraice
940 2597 1029 2653 dloses
1052 2610 1168 2657 ΜΨ

92 2749 95 2757 ¹
147 2679 213 2734 LXX
235 2670 403 2749 epdomada,
440 2682 523 2736 Vittas
546 2691 637 2738 autem
659 2682 703 2737 ille
725 2679 819 2747 buum
844 2682 888 2737 isti
911 2679 1040 2754 κλῶσμα
1063 2691 1170 2738 1111111.

143 2762 186 2821 ,lle
209 2762 307 2834 quibus
331 2780 384 2820 non
407 2764 495 2820 solum
518 2765 641 2830 hebraei,
666 2766 714 2821 sed
737 2773 764 2821 et
785 2774 921 2821 nostrates
946 2766 1035 2822 Critici
1058 2768 1170 2840 copiose

148 2846 295 2902 disserunt.

233 2926 369 2987 τουτέστι
391 2925 508 2987 πλατέα
529 2925 654 3008 σήματα
669 2924 845 3010 πορφύρας]
868 2933 933 2989 111111
948 2932 1071 2989 vocabuli
1088 2937 1171 2993 huius

107 3016 212 3079 abacia
239 3011 455 3093 φυλακτηρίων
482 3017 685 3090 interpretatio,
716 3017 803 3074 clavos
827 3035 887 3073 esse
910 3035 1065 3090 purpureos
1088 3021 1169 3086 latos,
1192 3055 1195 3061 -

149 3102 195 3175 qui
218 3100 330 3158 colobiis
354 3112 381 3157 et
396 3102 566 3174 epomidibus
582 3104 765 3168 insuerentur,
789 3103 822 3157 ad
838 3103 954 3158 eundem
970 3105 1089 3169 modum,
1113 3122 1168 3180 quo

148 3187 261 3244 Romani
283 3187 429 3242 Senatores
452 3187 494 3242 sui
518 3187 619 3243 ordinis
642 3188 747 3260 insigne
771 3186 924 3260 gestabant.
955 3187 1012 3244 Hoc
1027 3207 1100 3255 vero,
1124 3191 1170 3247 in-

148 3289 244 3344 quam,
279 3272 463 3328 admirandum
485 3273 576 3346 potius
604 3290 685 3347 quam
707 3281 755 3328 aut
776 3273 835 3328 sine
857 3273 908 3328 alio
931 3273 1029 3331 idoneo
1052 3276 1169 3331 authore

147 3357 226 3412 nimis
249 3358 474 3430 amplectendum,
498 3366 545 3413 aut
560 3357 648 3414 acrius
663 3358 929 3430 reprehendendum,
953 3360 1026 3433 quod
1041 3360 1068 3414 iu
1084 3360 1168 3416 Eleu-

148 3442 199 3497 cho
222 3442 342 3516 Scaliger
362 3443 488 3498 instituit.
531 3442 613 3516 Atqui
636 3452 728 3499 utrum
751 3443 909 3499 Dalmaticis
931 3445 1011 3509 istas,
1035 3453 1063 3499 et
1086 3445 1169 3501 dolo·

147 3523 242 3582 bionas
266 3528 381 3584 clavatus
403 3527 540 3583 Pharisaei
562 3527 626 3584 olim
649 3528 792 3601 gesserint,
816 3546 902 3601 eaque
917 3529 1085 3602 Phylacteria
1107 3529 1168 3602 ple-

147 3609 224 3682 rique
254 3613 465 3678 nominaverint,
492 3630 595 3679 necue,
619 3613 726 3670 aliunde
749 3623 874 3671 constare
896 3631 951 3671 nou
970 3623 1063 3688 potest
1086 3622 1113 3670 et
1136 3630 1167 3671 ex
