2534 4154
482 319 770 369 snruunvmsronns.
1095 303 1136 367 49

119 473 189 530 libri
220 473 302 530 fidem
335 473 449 538 iaciunt,
481 483 512 530 ut
543 491 574 529 ea
608 474 641 530 de
675 491 706 531 re
733 475 774 530 vir
801 473 897 530 doctus
926 473 1025 530 lrustra
1054 473 1135 530 dubi-

117 559 222 615 taverit.

201 634 412 700 dnedaxolcouv
434 637 467 699 de*
488 637 545 717 τὴν
566 632 744 718 δικάσωσιν]
769 643 913 717 Proprium
936 644 989 700 hoc
1010 644 1061 700 luit
1083 645 1136 700 Le-

114 730 239 792 sitarum,
263 729 310 801 qui
332 728 504 793 deeimarum,
529 745 595 801 quas
619 728 736 801 populus
759 728 922 801 praestabat,
946 729 1062 785 decimas
1085 729 1137 786 Sa-

113 813 275 872 cerdotibus
296 812 462 878 eximebant;
486 813 666 868 Numerorum
695 815 740 870 18.
770 813 853 886 Atqui
875 830 930 869 non
953 830 1047 870 omnes
1063 815 1137 870 Pna-

113 899 195 955 risaei
217 907 296 954 erant
316 898 438 962 Levitae,
462 897 536 970 quod
558 907 647 953 tamen
672 897 851 970 Epiphanium
874 899 994 954 sensisse
1022 917 1054 954 ex
1084 901 1139 957 boc

113 982 174 1040 loeo
204 983 337 1056 suspicari
366 983 461 1055 aliquis
490 992 593 1056 posset.
639 983 713 1050 Quae
741 983 812 1038 enim
841 983 941 1056 alioqui
963 984 1138 1040 decumarum

113 1076 179 1124 sunt
201 1068 341 1131 decumae,
365 1085 427 1123 cum
449 1076 558 1140 praeter
580 1067 726 1123 Leviticum
750 1067 872 1123 ordinem
895 1068 1023 1124 decumas
1046 1069 1137 1125 nullus

112 1149 270 1226 acceperit‘l
314 1152 432 1207 Primum
461 1152 582 1208 omnium
610 1152 643 1207 ab
665 1152 793 1208 israelitis
822 1153 954 1225 primitiae
986 1154 1019 1209 de
1045 1155 1135 1226 spicis,

113 1238 172 1293 uvis
195 1247 225 1294 et
247 1237 313 1293 oleis
336 1237 533 1292 afferebantur:
558 1245 616 1292 tum
638 1237 672 1293 de
694 1236 817 1310 frugibus
841 1236 985 1293 elaboratis
1002 1239 1138 1294 Theruma

111 1331 141 1378 et
165 1322 296 1379 decimae.
328 1322 463 1378 Theruma
484 1321 512 1377 in
534 1322 594 1394 lege
618 1321 727 1378 delinita
749 1340 804 1379 non
827 1331 893 1378 erat.
939 1322 993 1378 Sed
1015 1340 1029 1378 a
1052 1324 1139 1396 blagi-

109 1407 178 1463 atris
201 1407 386 1480 praescriptus
411 1407 507 1463 modus
531 1415 581 1470 est,
606 1416 637 1463 ut
658 1425 693 1462 ne
715 1408 804 1463 minus
819 1407 985 1480 sexagesima
1001 1407 1138 1480 pendere-

110 1499 167 1548 tur.
200 1493 290 1560 Quare
312 1493 359 1566 qui
379 1491 505 1548 liberales
528 1500 614 1555 eraut,
639 1491 880 1565 quadragesimam,
903 1491 977 1564 parci
999 1493 1139 1565 sexagesi-

109 1594 200 1642 mam,
225 1577 307 1632 medii
335 1577 406 1632 inter
438 1586 571 1649 utrosque
600 1576 633 1631 ad
655 1578 775 1632 hosam
797 1577 857 1632 illos
880 1575 1053 1633 accedebant.
1101 1577 1136 1633 lle

106 1679 167 1736 qua
190 1679 221 1718 rc
244 1669 316 1718 extat
338 1662 446 1735 losephi
469 1661 598 1734 Scaligeri
622 1661 787 1734 Opusculum
810 1662 881 1718 inter
902 1662 1061 1717 Postbuma.
1098 1662 1137 1718 be

105 1745 144 1803 iis
168 1746 262 1818 itaque
286 1746 427 1802 Therumis
451 1746 555 1802 lortean
578 1745 751 1818 accipiendus
766 1746 942 1823 Epiphanius,
966 1763 1026 1801 cum
1049 1765 1138 1823 τρια-

104 1822 270 1896 κοντάδας
290 1841 318 1887 et
340 1824 587 1904 πεντηκοντάδας
608 1830 761 1903 persolutus
784 1831 966 1886 anarisneis
990 1848 1050 1888 esse
1068 1832 1138 1888 seri-

105 1916 163 1975 bit.
202 1916 281 1984 Quod
304 1916 326 1971 si
348 1933 440 1971 verum
464 1924 514 1980 est,
539 1915 647 1988 egregia
670 1915 778 1970 illorum
800 1915 947 1972 liberalitas
971 1917 1067 1982 extitit,
1091 1926 1139 1972 ut-

105 2011 180 2078 pote
202 2001 250 2074 qui
271 2000 442 2074 praefinitum
465 2017 479 2056 a
495 2000 629 2073 blagistris
645 2000 790 2055 terminum
806 2001 868 2057 τῶν
882 2002 1138 2077 τισσαρακοσιῶν

103 2086 311 2161 superaverint.
338 2085 399 2140 Tria
413 2103 495 2158 porro
511 2086 685 2148 decumarum
701 2086 772 2158 apud
788 2085 926 2142 hebraeos
941 2103 1040 2159 genera
1056 2105 1139 2159 prae-

106 2182 157 2230 ter
173 2171 322 2226 Therumas
346 2179 373 2225 et
394 2170 525 2242 primitias
548 2170 632 2225 luere.
664 2170 752 2226 Prima
768 2171 811 2225 illa
827 2171 886 2236 luit,
911 2188 990 2244 quam
1006 2172 1139 2228 Leviticae

108 2255 199 2312 tribui
228 2256 373 2329 quotannis
396 2254 577 2327 pensitabant.
608 2255 793 2319 Num.l8,20
817 2263 845 2310 et
867 2255 1004 2328 deinceps.
1035 2255 1142 2321 Altera,

106 2358 196 2414 quam
225 2341 338 2413 singulis
367 2339 443 2394 annis
472 2357 555 2411 penes
584 2356 613 2394 se
636 2340 752 2412 quisque
775 2339 926 2404 retinebat,
956 2348 986 2394 ut
1009 2340 1060 2405 ibi,
1089 2339 1138 2396 ubi

107 2425 304 2482 Sanctuarium
328 2433 394 2488 erat,
418 2424 462 2479 illa
484 2430 649 2487 vesceretur,
674 2423 800 2478 adhibitis
816 2424 849 2479 ad
865 2424 1013 2479 convivium
1028 2425 1136 2490 Levitis,

112 2509 194 2566 lleut.
215 2513 259 2566 14.
290 2509 380 2565 Tertia
401 2508 524 2574 demum,
549 2524 631 2580 quam
653 2507 734 2563 tertio
758 2525 867 2580 quoque
889 2525 959 2564 anno
982 2509 1009 2564 in
1031 2510 1136 2566 Levitas

110 2604 143 2652 et
165 2594 284 2668 pupillos
306 2595 452 2666 viduasque
475 2591 688 2648 distribuebant:
713 2593 773 2648 eod.
798 2592 875 2648 Dent.
899 2609 958 2665 cap.

200 2674 251 2734 nal
273 2678 455 2753 γυναικικῶν
475 2669 617 2751 ἱματίων]
640 2677 803 2751 Magnopere
825 2678 985 2744 mirandum,
1009 2680 1033 2735 si
1054 2680 1179 2739 moduli.

113 2781 207 2820 verum
236 2774 293 2828 cst,
324 2762 500 2819 muliebribus
528 2762 642 2835 palliolis
670 2779 735 2818 usos
759 2780 819 2818 esse
841 2763 1011 2820 Pharisaeos.
1057 2765 1135 2834 Quod
1168 2811 1171 2816 .

112 2849 254 2924 sequitur,
285 2843 317 2904 ἐν
344 2842 501 2914 πλατείαις
528 2850 596 2913 ταῖς
617 2849 757 2924 κρηπῖσι,
788 2849 855 2905 latas
879 2848 989 2905 cosdem
1012 2850 1135 2923 crepidas

114 2933 244 2991 habuisse
267 2932 409 3006 siguificat,
433 2949 483 2988 nec
506 2931 584 2989 aliter
600 2931 754 2988 Cornarius.
786 2933 897 3002 Quidam
915 2943 1004 2990 tamen
1020 2935 1056 2989 ita
1072 2951 1136 2989 cor-

114 3018 258 3092 rigendum
280 3026 390 3091 putant,
421 3012 453 3074 ἐν
473 3011 639 3088 πλατείαις,
666 3012 698 3073 ἐν
719 3021 786 3084 ταῖς
808 3020 942 3095 κρηπῖσι,
965 3012 1014 3072 καὶ
1036 3008 1136 3093 γλώτ-

115 3120 190 3175 ταις,
214 3112 266 3160 etc.
297 3120 329 3159 ac
351 3103 452 3176 plateas
474 3101 639 3175 intelligunt,
662 3102 690 3157 in
712 3102 811 3176 quibus
827 3102 1001 3158 ostentabant
1018 3118 1047 3157 se
1062 3102 1136 3157 Pha-

114 3188 204 3245 risaei.
234 3187 291 3263 llgo
314 3187 380 3243 nihil
402 3187 583 3243 innovandum
606 3203 715 3243 censeo.

201 3276 240 3331 34
257 3291 280 3330 c.
315 3262 417 3349 Φάρες
437 3265 497 3348 γὰρ
520 3264 600 3327 κατὰ
622 3262 678 3345 τὴν
694 3263 857 3347 Ἑβραΐδα]
881 3270 947 3342 lleg.
972 3269 1056 3325 codex
1077 3261 1134 3346 ‹pt-

114 3375 174 3435 ρις,
197 3359 275 3432 quasi
294 3359 330 3415 sit
351 3351 447 3434 φέρις,
471 3365 498 3412 et
512 3355 657 3429 legendum
673 3357 707 3411 sit
723 3346 944 3431 ἀφωρισμένος.
975 3354 1134 3426 Quanquam

114 3434 292 3520 ἀφορισμὸς
318 3459 362 3498 res
391 3450 433 3498 est
461 3442 533 3515 ipsa,
564 3457 644 3513 quam
667 3438 825 3496 vocabulum
850 3438 996 3511 siguificat:
1026 3456 1081 3496 non
1104 3448 1135 3496 ut

116 3521 150 3586 τὸ
178 3518 277 3606 (palpes
305 3527 345 3584 vel
373 3521 464 3605 φέρες
491 3525 613 3599 praecise
642 3525 677 3581 sit
701 3523 808 3579 verbale
831 3523 1029 3595 substantivum
1052 3517 1135 3603 ἐνὲρ-
1234 3558 1246 3568 -

114 3629 197 3689 petav
217 3630 328 3670 sonans.
359 3612 406 3669 ust
429 3610 500 3668 enim
522 3610 613 3686 potius
636 3616 786 3683 separatus
808 3624 888 3683 quam
910 3611 1065 3682 separatio.

164 3708 307 3765 epiphanius.
326 3707 350 3750 v.
966 3707 984 3760 4
