2534 4154
143 309 184 372 28
599 321 712 370 1111111

145 479 255 536 Selium.
298 479 363 534 Cum
391 478 435 532 hic
457 478 541 532 multa
564 476 596 532 ab
620 476 816 551 Interpretibus
845 485 873 532 et
896 476 1075 551 Chronologis
1098 477 1162 534 ade-

144 574 247 629 rantur,
270 563 359 637 placet
381 562 566 618 Hebraeorum
589 562 732 628 sententia,
756 562 940 636 imprimisque
963 561 1038 617 Aben
1062 562 1162 620 Hesrae

142 650 169 703 in
196 651 221 704 t.
245 665 303 722 cap.
326 648 394 707 Dan.
416 648 446 702 R.
470 648 532 702 Levi
554 646 607 702 ben
631 647 749 711 Gerson,
782 657 808 702 et
836 647 867 703 R.
891 647 970 702 David
994 647 1026 702 ad
1050 651 1079 704 4.
1096 648 1161 722 Reg.

144 750 202 805 cap.
220 734 269 797 23,
294 733 395 789 Selium
419 733 535 787 eundem
558 748 617 787 esse
641 749 701 788 cum
724 732 851 794 loachaz,
876 733 922 804 qui
943 740 1087 805 paternum
1112 734 1164 788 im-

142 819 249 891 perium
271 818 394 891 populari
417 818 547 882 factione,
571 834 626 872 non
649 819 707 872 iure
730 817 910 872 successionis
933 815 1065 882 obtinuit,
1090 818 1163 890 quod

144 912 172 959 et
188 903 326 976 Scriptura
343 904 460 975 cap.23,
471 904 508 960 30
526 901 644 958 declarat
660 903 698 956 eis
710 901 808 966 verbis,
829 902 956 973 Totitqoe
967 904 1092 974 popolus
1108 910 1162 957 ter-

144 1005 195 1042 roe
217 988 341 1043 Ioacboz
362 989 450 1061 filiurn
472 986 583 1042 doside:
607 995 632 1041 et
654 993 796 1041 uocarunt
819 1003 888 1050 eom,
912 993 938 1040 et
960 988 1164 1043 constituerant

145 1089 206 1127 enm
235 1089 327 1144 regem
350 1089 405 1145 pro
431 1080 516 1145 patre
544 1088 604 1127 cuo.
649 1072 713 1126 Nam
737 1071 760 1127 si
782 1070 877 1126 aetatis
900 1071 1021 1126 ordinem
1044 1080 1162 1144 spectes,

144 1166 208 1231 post
229 1159 372 1222 lohanam,
397 1159 441 1230 qui
466 1165 528 1212 ante
550 1156 634 1230 patris
656 1155 760 1212 obitum
783 1164 944 1228 praereptus
966 1157 1080 1221 videtur,
1095 1173 1164 1212 ‹ma-

144 1243 231 1298 ximus
254 1251 319 1298 natu
342 1242 392 1298 suit
414 1243 520 1306 loacim
545 1243 599 1296 sive
622 1241 739 1296 Eiiacim.
772 1241 849 1309 Quod
873 1248 900 1295 et
922 1241 1055 1313 Iosephus
1083 1245 1162 1307 tut

146 1328 218 1401 Orig.
242 1328 343 1383 docuit.
373 1328 477 1383 Etenim
501 1327 611 1382 loachaz
635 1343 696 1381 cum
719 1327 752 1382 ad
773 1342 888 1398 regnum
911 1335 1019 1381 evectus
1042 1335 1098 1391 est,
1123 1327 1164 1382 vi-

106 1409 212 1485 19ginti
243 1413 324 1468 trium
347 1430 481 1468 annorum
504 1420 575 1477 erat;
606 1428 629 1466 c.
647 1413 696 1476 23,
715 1413 768 1468 31:
799 1410 897 1466 Ioahim
921 1427 1001 1474 vero,
1032 1411 1078 1482 qui
1101 1420 1164 1484 post

146 1506 200 1553 tres
223 1515 331 1554 menses
354 1514 467 1570 regnum
491 1495 641 1568 capessivit,
665 1512 806 1551 annorum
821 1504 878 1550 erat
902 1497 959 1561 25;
983 1495 1092 1552 biennio
1110 1497 1164 1552 ita-

144 1600 197 1655 que
224 1583 310 1638 maior
338 1582 396 1637 fuit.
441 1581 516 1635 Unde
540 1589 566 1635 et
589 1581 688 1635 loakim
711 1597 781 1636 anno
803 1580 888 1636 losiae
911 1580 1019 1635 circiter
1041 1583 1059 1637 6
1083 1589 1163 1637 natus

144 1677 193 1732 est,
217 1668 329 1723 loachaz
352 1683 415 1721 vero
439 1668 467 1722 9.
499 1665 605 1720 Tertius
628 1665 756 1720 natalium
779 1665 873 1720 ordine
896 1664 978 1720 debet
1000 1682 1061 1721 esse
1077 1665 1164 1722 Sede-

143 1753 211 1817 cias3
235 1752 282 1824 qui
304 1760 367 1823 post
395 1754 426 1806 11
453 1767 538 1806 annos
561 1759 589 1805 et
613 1751 629 1807 6
653 1767 761 1806 menses
783 1766 798 1805 a
820 1759 908 1805 morte
930 1748 1015 1806 losiae
1037 1750 1164 1807 aNabu·

143 1835 333 1890 chodonosore
355 1839 441 1907 regno
463 1836 635 1908 praepositus
658 1845 720 1908 est„
739 1837 850 1890 Actum
872 1836 1033 1890 vicesimum
1055 1842 1082 1890 ct
1100 1837 1163 1908 pra*-

142 1936 215 1973 mum
244 1921 346 1974 aetatis
376 1936 481 1974 annom
501 1920 632 1975 babebat.
678 1919 808 1993 Cap.24,
828 1921 874 1978 18.
921 1920 1010 1988 Quare
1032 1921 1162 1977 loachazo

143 2004 233 2058 iunior
256 2013 306 2068 est,
329 2013 464 2076 natusque
487 2022 557 2060 anno
580 2004 666 2060 losiae
690 2007 739 2069 21,
763 2004 804 2061 vel
828 2007 877 2062 22.
918 2006 1000 2078 Atqui
1022 2005 1049 2060 in
1072 2005 1119 2062 lib.
1146 2009 1159 2062 1

142 2088 304 2162 Paralipom.
334 2097 490 2161 postremus
518 2098 678 2145 numeratur
700 2089 818 2155 Selium,
850 2106 930 2162 quem
961 2090 1072 2145 {oachaz
1102 2107 1162 2146 esse

93 2190 94 2193 ¹
142 2173 266 2229 diximus.
310 2174 370 2229 Non
398 2175 497 2229 desunt
525 2175 714 2240 coniecturae,
745 2188 794 2230 eur
822 2183 990 2248 postremum
1021 2175 1162 2232 inlocum

142 2260 282 2316 coniectus
305 2260 340 2315 sit
355 2259 466 2323 Selium,
491 2276 567 2332 quas,
591 2276 626 2315 ne
641 2259 780 2333 longiores
795 2262 889 2324 simus,
914 2260 1079 2333 chronologi
1095 2278 1163 2335 sup-

141 2345 310 2419 peditabunt.
343 2345 502 2418 Quanquam
524 2343 639 2400 Hebraei
662 2345 779 2418 quidam,
803 2352 835 2400 ut
849 2343 925 2399 Aben
940 2344 1007 2399 Ezra
1022 2345 1049 2399 in
1065 2362 1123 2418 cap.
1135 2349 1160 2402 1.

141 2431 206 2486 ban.
224 2431 325 2487 Selium
349 2431 404 2486 sive
426 2431 538 2486 loachaz
561 2439 730 2503 postremum
753 2430 838 2485 losiae
860 2428 1009 2485 liberorum
1032 2447 1092 2485 esse
1115 2448 1163 2486 ve-

140 2515 207 2579 lint,
238 2526 265 2572 et
287 2517 360 2588 qnod
384 2515 524 2580 Sedecias,
554 2532 616 2571 cum
637 2532 752 2589 regnare
775 2515 879 2588 coepit,
910 2516 945 2571 21
973 2531 1058 2570 annos
1082 2524 1161 2571 natus

141 2598 225 2655 fuisse
256 2601 368 2665 dicitur,
397 2602 570 2673 interpretari
598 2602 718 2656 student.
763 2600 862 2656 Scribit
885 2601 955 2655 enim
977 2599 1022 2654 ille
1045 2599 1162 2656 triennio

141 2690 204 2737 ante
232 2684 317 2739 iosiae
347 2683 441 2739 necem
464 2684 603 2740 Sedeciam
625 2686 726 2759 Regem
754 2702 814 2740 esse
844 2684 1058 2739 consalutatum:
1088 2685 1161 2740 unde

142 2783 203 2821 cum
226 2768 309 2823 iosias
332 2777 457 2824 mortuus
481 2778 522 2823 est
545 2783 645 2824 annum
668 2770 724 2842 egit
746 2771 796 2826 24.
836 2768 919 2841 idque
943 2785 973 2822 ex
997 2785 1030 2823 eo
1052 2769 1160 2841 probat,

141 2850 215 2925 quod
238 2851 310 2907 hier.
329 2854 383 2916 27,
413 2852 440 2906 in
469 2853 602 2925 principio
625 2854 701 2926 regni
724 2852 823 2908 loakim
846 2853 937 2907 iussus
961 2861 1003 2907 est
1025 2852 1162 2925 Propheta

141 2928 246 2991 vinculi
266 2953 438 3011 praeparare,
462 2952 493 2991 ac
516 2937 617 3008 Legum
641 2937 747 2992 nunciis
770 2937 843 3001 dare,
867 2937 914 3008 qui
937 2945 1067 2991 venerant
1083 2938 1163 2995 leru-

142 3021 225 3076 salem
254 3021 286 3077 ad
309 3021 447 3077 Sedeciam
478 3037 569 3093 regem
592 3021 671 3076 iuda:
701 3021 827 3076 nimirum
856 3021 928 3093 quod
951 3020 1057 3076 finitimi
1080 3040 1159 3098 reges

142 3107 290 3171 Sedeciam,
314 3123 394 3179 quem
416 3105 515 3161 abhinc
538 3105 654 3162 triennio
677 3122 769 3179 regem
792 3122 852 3161 esse
879 3105 980 3161 sactum
1002 3106 1159 3174 didicerant,

142 3202 250 3248 mortno
274 3193 353 3247 Patre
376 3191 464 3247 adhuc
487 3207 601 3263 regnare
624 3190 675 3246 sibi
698 3199 899 3265 persuaserant,
923 3192 955 3247 ad
980 3208 1097 3265 eumque
1119 3193 1161 3248 le-

141 3286 218 3350 gatos
246 3279 389 3332 miserant:
419 3277 455 3332 ita
477 3274 553 3332 Aben
575 3277 652 3332 Ezra.
697 3277 771 3345 Quae
799 3276 864 3331 mihi
892 3276 1080 3349 interpretatio
1104 3293 1158 3332 non

141 3378 305 3436 magnopere
327 3363 424 3436 placet.
469 3361 523 3416 Sed
544 3369 607 3418 utut
629 3379 660 3418 ea
683 3379 712 3418 se
734 3378 778 3417 res
800 3360 897 3425 hahet,
922 3362 1031 3418 omnino
1054 3361 1157 3418 Selium

142 3455 183 3501 est
205 3448 326 3504 ioachaz.
357 3447 422 3502 Nam
444 3447 540 3502 ierem.
559 3449 607 3512 22,
627 3451 674 3504 11.
706 3446 812 3504 Setino
832 3448 907 3521 filios
930 3446 1024 3502 Ioaioe
1043 3464 1097 3519 pro
1112 3447 1158 3502 Ιο-

141 3531 295 3604 stapam
323 3549 374 3588 suo
402 3548 536 3603 regnasse
558 3532 670 3588 dicitur:
702 3533 725 3588 is
748 3540 838 3588 autem
861 3540 902 3587 est
925 3533 1045 3588 loaehaz.
1092 3532 1159 3587 Cum

143 3615 209 3671 haec
231 3617 328 3690 partim
350 3617 509 3683 certissima,
533 3627 614 3689 atque
637 3634 652 3673 e
674 3634 812 3675 sacrorum
828 3616 970 3672 Librorum
993 3617 1159 3672 authoritate
