<?xml version="1.0" encoding="UTF-8"?>
<!DOCTYPE html PUBLIC "-//W3C//DTD XHTML 1.0 Transitional//EN"
    "http://www.w3.org/TR/xhtml1/DTD/xhtml1-transitional.dtd">
<html xmlns="http://www.w3.org/1999/xhtml" xml:lang="en" lang="en">
 <head>
  <title>
</title>
<meta http-equiv="Content-Type" content="text/html;charset=utf-8" />
  <meta name='ocr-system' content='tesseract 3.04.00' />
  <meta name='ocr-capabilities' content='ocr_page ocr_carea ocr_par ocr_line ocrx_word'/>
</head>
<body>
  <div class='ocr_page' id='page_1' title='image "./epiphaniiepisco00epipgoog_0100.png"; bbox 0 0 2534 4154; ppageno 0'>
   <div class='ocr_carea' id='block_1_1' title="bbox 472 286 1214 374">
    <p class='ocr_par' dir='ltr' id='par_1_1' title="bbox 472 286 1214 374">
     <span class='ocr_line' id='line_1_1' title="bbox 472 286 1214 374; baseline 0.003 -2"><span class='ocrx_word' id='word_1_1' title='bbox 472 322 762 374; x_wconf 75' lang='lat' dir='ltr'><strong>narniniensronss.</strong></span> <span class='ocrx_word' id='word_1_2' title='bbox 1099 311 1120 374; x_wconf 88' lang='grc'>9</span> <span class='ocrx_word' id='word_1_3' title='bbox 1211 286 1214 291; x_wconf 51' lang='grc'><strong>’</strong></span> 
     </span>
    </p>
   </div>
   <div class='ocr_carea' id='block_1_2' title="bbox 103 466 1166 3691">
    <p class='ocr_par' dir='ltr' id='par_1_2' title="bbox 103 466 1166 1637">
     <span class='ocr_line' id='line_1_2' title="bbox 110 466 1124 553; baseline 0.003 -19"><span class='ocrx_word' id='word_1_4' title='bbox 110 480 197 535; x_wconf 81' lang='lat' dir='ltr'><strong>snmat</strong></span> <span class='ocrx_word' id='word_1_5' title='bbox 211 466 398 553; x_wconf 71' lang='lat' dir='ltr'><strong>Aoripinpac:</strong></span> <span class='ocrx_word' id='word_1_6' title='bbox 419 493 436 532; x_wconf 85' lang='lat' dir='ltr'><strong>a</strong></span> <span class='ocrx_word' id='word_1_7' title='bbox 458 493 512 550; x_wconf 90' lang='lat' dir='ltr'><strong>quo</strong></span> <span class='ocrx_word' id='word_1_8' title='bbox 534 495 589 535; x_wconf 91' lang='lat' dir='ltr'><strong>non</strong></span> <span class='ocrx_word' id='word_1_9' title='bbox 605 478 750 536; x_wconf 79' lang='lat' dir='ltr'><strong>abhorreo.</strong></span> <span class='ocrx_word' id='word_1_10' title='bbox 781 477 834 534; x_wconf 85' lang='lat' dir='ltr'><strong>Sed</strong></span> <span class='ocrx_word' id='word_1_11' title='bbox 849 477 920 548; x_wconf 85' lang='lat' dir='ltr'><strong>idem</strong></span> <span class='ocrx_word' id='word_1_12' title='bbox 934 479 1058 536; x_wconf 74' lang='lat' dir='ltr'><strong>solennia</strong></span> <span class='ocrx_word' id='word_1_13' title='bbox 1073 480 1124 537; x_wconf 91' lang='lat' dir='ltr'><strong>de-</strong></span> 
     </span>
     <span class='ocr_line' id='line_1_3' title="bbox 106 561 1123 638; baseline 0.001 -17"><span class='ocrx_word' id='word_1_14' title='bbox 106 563 179 628; x_wconf 83' lang='lat' dir='ltr'><strong>lirat,</strong></span> <span class='ocrx_word' id='word_1_15' title='bbox 211 578 273 618; x_wconf 85' lang='lat' dir='ltr'><strong>cnm</strong></span> <span class='ocrx_word' id='word_1_16' title='bbox 293 561 384 618; x_wconf 84' lang='lat' dir='ltr'><strong>Lubar</strong></span> <span class='ocrx_word' id='word_1_17' title='bbox 405 563 531 619; x_wconf 80' lang='lat' dir='ltr'><strong>Armenio</strong></span> <span class='ocrx_word' id='word_1_18' title='bbox 560 572 588 619; x_wconf 87' lang='lat' dir='ltr'><strong>et</strong></span> <span class='ocrx_word' id='word_1_19' title='bbox 608 564 773 638; x_wconf 77' lang='lat' dir='ltr'><strong>Aegyptiace</strong></span> <span class='ocrx_word' id='word_1_20' title='bbox 802 579 928 620; x_wconf 87' lang='lat' dir='ltr'><strong>sermone</strong></span> <span class='ocrx_word' id='word_1_21' title='bbox 960 564 1024 621; x_wconf 90' lang='lat' dir='ltr'><strong>dicit</strong></span> <span class='ocrx_word' id='word_1_22' title='bbox 1052 565 1123 623; x_wconf 87' lang='lat' dir='ltr'><strong>idem</strong></span> 
     </span>
     <span class='ocr_line' id='line_1_4' title="bbox 105 637 1166 726; baseline 0.004 -22"><span class='ocrx_word' id='word_1_23' title='bbox 105 664 165 704; x_wconf 89' lang='lat' dir='ltr'><strong>esse</strong></span> <span class='ocrx_word' id='word_1_24' title='bbox 187 655 271 719; x_wconf 87' lang='lat' dir='ltr'><strong>atque</strong></span> <span class='ocrx_word' id='word_1_25' title='bbox 292 637 491 719; x_wconf 76' lang='grc' dir='ltr'><em>ἀπαβατικὸν,</em></span> <span class='ocrx_word' id='word_1_26' title='bbox 513 648 569 704; x_wconf 90' lang='lat' dir='ltr'><strong>sive</strong></span> <span class='ocrx_word' id='word_1_27' title='bbox 591 638 818 726; x_wconf 77' lang='grc' dir='ltr'><em>ἀποβατήριονι</em></span> <span class='ocrx_word' id='word_1_28' title='bbox 839 648 868 703; x_wconf 92' lang='lat' dir='ltr'><strong>id</strong></span> <span class='ocrx_word' id='word_1_29' title='bbox 889 657 932 705; x_wconf 86' lang='lat' dir='ltr'><strong>est</strong></span> <span class='ocrx_word' id='word_1_30' title='bbox 952 649 1042 706; x_wconf 89' lang='lat' dir='ltr'><strong>locum</strong></span> <span class='ocrx_word' id='word_1_31' title='bbox 1064 651 1126 707; x_wconf 84' lang='lat' dir='ltr'><strong>cdi·</strong></span> <span class='ocrx_word' id='word_1_32' title='bbox 1165 705 1166 708; x_wconf 74' lang='grc'>,</span> 
     </span>
     <span class='ocr_line' id='line_1_5' title="bbox 104 732 1131 806; baseline 0.001 -16"><span class='ocrx_word' id='word_1_33' title='bbox 104 733 256 796; x_wconf 73' lang='lat' dir='ltr'><strong>tissimum,</strong></span> <span class='ocrx_word' id='word_1_34' title='bbox 279 749 313 787; x_wconf 74' lang='lat' dir='ltr'><strong>ex</strong></span> <span class='ocrx_word' id='word_1_35' title='bbox 332 748 387 806; x_wconf 87' lang='lat' dir='ltr'><strong>quo</strong></span> <span class='ocrx_word' id='word_1_36' title='bbox 409 733 559 788; x_wconf 79' lang='lat' dir='ltr'><strong>descensus</strong></span> <span class='ocrx_word' id='word_1_37' title='bbox 580 742 664 806; x_wconf 89' lang='lat' dir='ltr'><strong>patet,</strong></span> <span class='ocrx_word' id='word_1_38' title='bbox 688 750 704 789; x_wconf 90' lang='lat' dir='ltr'><strong>a</strong></span> <span class='ocrx_word' id='word_1_39' title='bbox 725 732 807 790; x_wconf 87' lang='lat' dir='ltr'><strong>verbo</strong></span> <span class='ocrx_word' id='word_1_40' title='bbox 818 733 925 800; x_wconf 71' lang='lat' dir='ltr'><strong>Labor,</strong></span> <span class='ocrx_word' id='word_1_41' title='bbox 948 734 1131 792; x_wconf 71' lang='lat' dir='ltr'><strong>descendero:</strong></span> 
     </span>
     <span class='ocr_line' id='line_1_6' title="bbox 103 816 1124 892; baseline 0.002 -18"><span class='ocrx_word' id='word_1_42' title='bbox 103 817 180 874; x_wconf 86' lang='lat' dir='ltr'><strong>Unde</strong></span> <span class='ocrx_word' id='word_1_43' title='bbox 196 825 232 872; x_wconf 88' lang='lat' dir='ltr'><strong>-et</strong></span> <span class='ocrx_word' id='word_1_44' title='bbox 252 816 405 882; x_wconf 68' lang='lat' dir='ltr'><strong>bobum,</strong></span> <span class='ocrx_word' id='word_1_45' title='bbox 429 826 457 873; x_wconf 88' lang='lat' dir='ltr'><strong>et</strong></span> <span class='ocrx_word' id='word_1_46' title='bbox 477 817 576 873; x_wconf 80' lang='lat' dir='ltr'><strong>Labra</strong></span> <span class='ocrx_word' id='word_1_47' title='bbox 598 818 669 891; x_wconf 90' lang='lat' dir='ltr'><strong>apud</strong></span> <span class='ocrx_word' id='word_1_48' title='bbox 690 818 870 892; x_wconf 84' lang='lat' dir='ltr'><strong>Epiphaniam</strong></span> <span class='ocrx_word' id='word_1_49' title='bbox 891 819 919 874; x_wconf 92' lang='lat' dir='ltr'><strong>in</strong></span> <span class='ocrx_word' id='word_1_50' title='bbox 940 819 1124 877; x_wconf 78' lang='lat' dir='ltr'><strong>driomanitis.</strong></span> 
     </span>
     <span class='ocr_line' id='line_1_7' title="bbox 103 899 1125 978; baseline 0.002 -19"><span class='ocrx_word' id='word_1_51' title='bbox 103 901 157 959; x_wconf 86' lang='lat' dir='ltr'><strong>Sed</strong></span> <span class='ocrx_word' id='word_1_52' title='bbox 179 901 216 957; x_wconf 90' lang='lat' dir='ltr'><strong>de</strong></span> <span class='ocrx_word' id='word_1_53' title='bbox 230 899 325 967; x_wconf 81' lang='lat' dir='ltr'><strong>Labra,</strong></span> <span class='ocrx_word' id='word_1_54' title='bbox 349 901 518 976; x_wconf 88' lang='lat' dir='ltr'><strong>caeterisque</strong></span> <span class='ocrx_word' id='word_1_55' title='bbox 539 902 618 976; x_wconf 82' lang='lat' dir='ltr'><strong>nugis</strong></span> <span class='ocrx_word' id='word_1_56' title='bbox 641 903 761 960; x_wconf 87' lang='lat' dir='ltr'><strong>dicemus</strong></span> <span class='ocrx_word' id='word_1_57' title='bbox 783 902 817 958; x_wconf 85' lang='lat' dir='ltr'><strong>ad</strong></span> <span class='ocrx_word' id='word_1_58' title='bbox 834 903 909 960; x_wconf 90' lang='lat' dir='ltr'><strong>illum</strong></span> <span class='ocrx_word' id='word_1_59' title='bbox 924 904 1066 978; x_wconf 81' lang='lat' dir='ltr'><strong>Epiphanii</strong></span> <span class='ocrx_word' id='word_1_60' title='bbox 1080 905 1125 961; x_wconf 87' lang='lat' dir='ltr'><strong>lo-</strong></span> 
     </span>
     <span class='ocr_line' id='line_1_8' title="bbox 103 980 1124 1062; baseline 0.001 -18"><span class='ocrx_word' id='word_1_61' title='bbox 103 1003 176 1044; x_wconf 91' lang='lat' dir='ltr'><strong>cum.</strong></span> <span class='ocrx_word' id='word_1_62' title='bbox 223 985 300 1055; x_wconf 81' lang='lat' dir='ltr'><strong>Quod</strong></span> <span class='ocrx_word' id='word_1_63' title='bbox 322 986 432 1059; x_wconf 88' lang='lat' dir='ltr'><strong>quidem</strong></span> <span class='ocrx_word' id='word_1_64' title='bbox 449 987 483 1043; x_wconf 87' lang='lat' dir='ltr'><strong>ad</strong></span> <span class='ocrx_word' id='word_1_65' title='bbox 512 1004 643 1060; x_wconf 76' lang='lat' dir='ltr'><strong>praesens</strong></span> <span class='ocrx_word' id='word_1_66' title='bbox 672 989 812 1062; x_wconf 73' lang='lat' dir='ltr'><strong>negotium</strong></span> <span class='ocrx_word' id='word_1_67' title='bbox 834 989 938 1053; x_wconf 77' lang='lat' dir='ltr'><strong>attinet,</strong></span> <span class='ocrx_word' id='word_1_68' title='bbox 963 980 1124 1062; x_wconf 75' lang='grc' dir='ltr'><em>ἀποβατή-</em></span> 
     </span>
     <span class='ocr_line' id='line_1_9' title="bbox 104 1065 1124 1148; baseline 0.004 -21"><span class='ocrx_word' id='word_1_69' title='bbox 104 1088 172 1148; x_wconf 77' lang='grc' dir='ltr'><strong>ριον</strong></span> <span class='ocrx_word' id='word_1_70' title='bbox 186 1071 305 1144; x_wconf 86' lang='lat' dir='ltr'><strong>losepbo</strong></span> <span class='ocrx_word' id='word_1_71' title='bbox 327 1080 500 1145; x_wconf 86' lang='lat' dir='ltr'><strong>nuncupatur</strong></span> <span class='ocrx_word' id='word_1_72' title='bbox 520 1071 597 1128; x_wconf 88' lang='lat' dir='ltr'><strong>locus</strong></span> <span class='ocrx_word' id='word_1_73' title='bbox 619 1071 679 1137; x_wconf 87' lang='lat' dir='ltr'><strong>ille,</strong></span> <span class='ocrx_word' id='word_1_74' title='bbox 702 1073 730 1128; x_wconf 90' lang='lat' dir='ltr'><strong>in</strong></span> <span class='ocrx_word' id='word_1_75' title='bbox 752 1089 807 1148; x_wconf 91' lang='lat' dir='ltr'><strong>quo</strong></span> <span class='ocrx_word' id='word_1_76' title='bbox 828 1072 946 1129; x_wconf 76' lang='lat' dir='ltr'><strong>Noemus</strong></span> <span class='ocrx_word' id='word_1_77' title='bbox 968 1065 1024 1148; x_wconf 80' lang='grc' dir='ltr'><strong>τὴν</strong></span> <span class='ocrx_word' id='word_1_78' title='bbox 1043 1065 1124 1131; x_wconf 79' lang='grc' dir='ltr'><strong>ἀπό-</strong></span> 
     </span>
     <span class='ocr_line' id='line_1_10' title="bbox 104 1154 1127 1234; baseline 0.002 -21"><span class='ocrx_word' id='word_1_79' title='bbox 104 1154 208 1228; x_wconf 72' lang='grc' dir='ltr'><em>βασιν,</em></span> <span class='ocrx_word' id='word_1_80' title='bbox 229 1155 284 1212; x_wconf 92' lang='lat' dir='ltr'><strong>hoc</strong></span> <span class='ocrx_word' id='word_1_81' title='bbox 306 1159 583 1220; x_wconf 80' lang='lat' dir='ltr'><strong>estexsoensionem,</strong></span> <span class='ocrx_word' id='word_1_82' title='bbox 607 1173 639 1212; x_wconf 81' lang='lat' dir='ltr'><strong>ex</strong></span> <span class='ocrx_word' id='word_1_83' title='bbox 661 1173 722 1212; x_wconf 87' lang='lat' dir='ltr'><strong>arca</strong></span> <span class='ocrx_word' id='word_1_84' title='bbox 744 1157 822 1213; x_wconf 83' lang='lat' dir='ltr'><strong>fecit:</strong></span> <span class='ocrx_word' id='word_1_85' title='bbox 850 1158 905 1213; x_wconf 89' lang='lat' dir='ltr'><strong>sive</strong></span> <span class='ocrx_word' id='word_1_86' title='bbox 928 1157 1002 1234; x_wconf 90' lang='lat' dir='ltr'><strong>quod</strong></span> <span class='ocrx_word' id='word_1_87' title='bbox 1023 1156 1127 1215; x_wconf 86' lang='lat' dir='ltr'><strong>ibidem</strong></span> 
     </span>
     <span class='ocr_line' id='line_1_11' title="bbox 104 1231 1126 1338; baseline 0.002 -41"><span class='ocrx_word' id='word_1_88' title='bbox 104 1233 143 1297; x_wconf 78' lang='grc' dir='ltr'><strong>τὰ</strong></span> <span class='ocrx_word' id='word_1_89' title='bbox 166 1231 365 1338; x_wconf 55' lang='lat' dir='ltr'><strong>deonandos</strong></span> <span class='ocrx_word' id='word_1_90' title='bbox 385 1257 461 1297; x_wconf 87' lang='lat' dir='ltr'><strong>sacra</strong></span> <span class='ocrx_word' id='word_1_91' title='bbox 483 1241 620 1314; x_wconf 77' lang='lat' dir='ltr'><strong>persolvit</strong></span> <span class='ocrx_word' id='word_1_92' title='bbox 651 1241 723 1298; x_wconf 89' lang='lat' dir='ltr'><strong>llaec</strong></span> <span class='ocrx_word' id='word_1_93' title='bbox 745 1241 817 1298; x_wconf 90' lang='lat' dir='ltr'><strong>enim</strong></span> <span class='ocrx_word' id='word_1_94' title='bbox 838 1242 877 1297; x_wconf 83' lang='lat' dir='ltr'><strong>vis</strong></span> <span class='ocrx_word' id='word_1_95' title='bbox 900 1253 942 1299; x_wconf 89' lang='lat' dir='ltr'><strong>est</strong></span> <span class='ocrx_word' id='word_1_96' title='bbox 964 1241 1126 1300; x_wconf 48' lang='lat' dir='ltr'><strong>borumvoss</strong></span> 
     </span>
     <span class='ocr_line' id='line_1_12' title="bbox 105 1314 1126 1405; baseline 0.002 -23"><span class='ocrx_word' id='word_1_97' title='bbox 105 1324 274 1390; x_wconf 84' lang='lat' dir='ltr'><strong>cabalorum,</strong></span> <span class='ocrx_word' id='word_1_98' title='bbox 291 1314 496 1402; x_wconf 79' lang='grc' dir='ltr'><em>ααοβατήρια,</em></span> <span class='ocrx_word' id='word_1_99' title='bbox 512 1316 708 1405; x_wconf 74' lang='grc' dir='ltr'><strong>διαβατήρια,</strong></span> <span class='ocrx_word' id='word_1_100' title='bbox 724 1336 752 1383; x_wconf 87' lang='lat' dir='ltr'><strong>et</strong></span> <span class='ocrx_word' id='word_1_101' title='bbox 766 1335 944 1383; x_wconf 87' lang='lat' dir='ltr'><strong>caeterorum.</strong></span> <span class='ocrx_word' id='word_1_102' title='bbox 975 1328 1056 1384; x_wconf 88' lang='lat' dir='ltr'><strong>Valde</strong></span> <span class='ocrx_word' id='word_1_103' title='bbox 1070 1327 1126 1402; x_wconf 79' lang='lat' dir='ltr'><strong>igi·</strong></span> 
     </span>
     <span class='ocr_line' id='line_1_13' title="bbox 106 1401 1124 1488; baseline 0.004 -23"><span class='ocrx_word' id='word_1_104' title='bbox 106 1418 151 1467; x_wconf 89' lang='lat' dir='ltr'><strong>tur</strong></span> <span class='ocrx_word' id='word_1_105' title='bbox 171 1409 281 1467; x_wconf 88' lang='lat' dir='ltr'><strong>aberrat</strong></span> <span class='ocrx_word' id='word_1_106' title='bbox 301 1411 395 1467; x_wconf 90' lang='lat' dir='ltr'><strong>lunius</strong></span> <span class='ocrx_word' id='word_1_107' title='bbox 417 1427 479 1467; x_wconf 89' lang='lat' dir='ltr'><strong>oum</strong></span> <span class='ocrx_word' id='word_1_108' title='bbox 501 1401 713 1488; x_wconf 79' lang='grc' dir='ltr'><em>ἀποβατήριον</em></span> <span class='ocrx_word' id='word_1_109' title='bbox 733 1413 928 1484; x_wconf 87' lang='lat' dir='ltr'><strong>interpretatur</strong></span> <span class='ocrx_word' id='word_1_110' title='bbox 949 1412 1072 1477; x_wconf 86' lang='lat' dir='ltr'><strong>arduum,</strong></span> <span class='ocrx_word' id='word_1_111' title='bbox 1096 1421 1124 1469; x_wconf 88' lang='lat' dir='ltr'><strong>et</strong></span> 
     </span>
     <span class='ocr_line' id='line_1_14' title="bbox 107 1495 1123 1572; baseline 0.004 -22"><span class='ocrx_word' id='word_1_112' title='bbox 107 1495 258 1560; x_wconf 82' lang='lat' dir='ltr'><strong>excelsum,</strong></span> <span class='ocrx_word' id='word_1_113' title='bbox 288 1511 320 1551; x_wconf 85' lang='lat' dir='ltr'><strong>ex</strong></span> <span class='ocrx_word' id='word_1_114' title='bbox 341 1512 396 1570; x_wconf 89' lang='lat' dir='ltr'><strong>quo</strong></span> <span class='ocrx_word' id='word_1_115' title='bbox 419 1496 585 1553; x_wconf 87' lang='lat' dir='ltr'><strong>descendere</strong></span> <span class='ocrx_word' id='word_1_116' title='bbox 607 1506 748 1570; x_wconf 81' lang='lat' dir='ltr'><strong>oporteat:</strong></span> <span class='ocrx_word' id='word_1_117' title='bbox 778 1496 852 1572; x_wconf 87' lang='lat' dir='ltr'><strong>quod</strong></span> <span class='ocrx_word' id='word_1_118' title='bbox 874 1515 889 1552; x_wconf 87' lang='lat' dir='ltr'><strong>a</strong></span> <span class='ocrx_word' id='word_1_119' title='bbox 912 1497 1028 1553; x_wconf 84' lang='lat' dir='ltr'><strong>Graecae</strong></span> <span class='ocrx_word' id='word_1_120' title='bbox 1050 1497 1123 1554; x_wconf 87' lang='lat' dir='ltr'><strong>vocis</strong></span> 
     </span>
     <span class='ocr_line' id='line_1_15' title="bbox 106 1579 575 1637; baseline 0.004 -3"><span class='ocrx_word' id='word_1_121' title='bbox 106 1596 158 1636; x_wconf 83' lang='lat' dir='ltr'><strong>usn</strong></span> <span class='ocrx_word' id='word_1_122' title='bbox 179 1579 297 1637; x_wconf 83' lang='lat' dir='ltr'><strong>ebenum</strong></span> <span class='ocrx_word' id='word_1_123' title='bbox 319 1588 347 1636; x_wconf 89' lang='lat' dir='ltr'><strong>et</strong></span> <span class='ocrx_word' id='word_1_124' title='bbox 367 1579 502 1636; x_wconf 89' lang='lat' dir='ltr'><strong>absonum</strong></span> <span class='ocrx_word' id='word_1_125' title='bbox 524 1589 575 1636; x_wconf 88' lang='lat' dir='ltr'><strong>est.</strong></span> 
     </span>
    </p>

    <p class='ocr_par' dir='ltr' id='par_1_3' title="bbox 108 1655 1125 1910">
     <span class='ocr_line' id='line_1_16' title="bbox 190 1655 1124 1743; baseline 0.002 -23"><span class='ocrx_word' id='word_1_126' title='bbox 190 1655 228 1720; x_wconf 78' lang='lat' dir='ltr'><strong>oei</strong></span> <span class='ocrx_word' id='word_1_127' title='bbox 249 1657 308 1740; x_wconf 78' lang='grc' dir='ltr'><strong>γὰρ</strong></span> <span class='ocrx_word' id='word_1_128' title='bbox 325 1656 367 1722; x_wconf 66' lang='grc' dir='ltr'><strong>ἔτι</strong></span> <span class='ocrx_word' id='word_1_129' title='bbox 383 1659 536 1743; x_wconf 74' lang='grc' dir='ltr'><em>ἐμφαίνει]</em></span> <span class='ocrx_word' id='word_1_130' title='bbox 559 1665 725 1722; x_wconf 89' lang='lat' dir='ltr'><strong>Putidissimi</strong></span> <span class='ocrx_word' id='word_1_131' title='bbox 739 1666 831 1723; x_wconf 88' lang='lat' dir='ltr'><strong>ludaei</strong></span> <span class='ocrx_word' id='word_1_132' title='bbox 845 1664 976 1722; x_wconf 80' lang='lat' dir='ltr'><strong>Nodinum</strong></span> <span class='ocrx_word' id='word_1_133' title='bbox 991 1681 1006 1720; x_wconf 88' lang='lat' dir='ltr'><strong>a</strong></span> <span class='ocrx_word' id='word_1_134' title='bbox 1022 1665 1124 1722; x_wconf 83' lang='lat' dir='ltr'><strong>Clramo·</strong></span> 
     </span>
     <span class='ocr_line' id='line_1_17' title="bbox 108 1750 1125 1824; baseline -0.001 -18"><span class='ocrx_word' id='word_1_135' title='bbox 108 1757 244 1806; x_wconf 80' lang='lat' dir='ltr'><strong>exsectum</strong></span> <span class='ocrx_word' id='word_1_136' title='bbox 266 1758 418 1823; x_wconf 78' lang='lat' dir='ltr'><strong>nugantur:</strong></span> <span class='ocrx_word' id='word_1_137' title='bbox 441 1759 473 1806; x_wconf 89' lang='lat' dir='ltr'><strong>nt</strong></span> <span class='ocrx_word' id='word_1_138' title='bbox 494 1750 566 1806; x_wconf 88' lang='lat' dir='ltr'><strong>inter</strong></span> <span class='ocrx_word' id='word_1_139' title='bbox 587 1751 654 1807; x_wconf 88' lang='lat' dir='ltr'><strong>alios</strong></span> <span class='ocrx_word' id='word_1_140' title='bbox 669 1751 701 1806; x_wconf 83' lang='lat' dir='ltr'><strong>ll.</strong></span> <span class='ocrx_word' id='word_1_141' title='bbox 713 1750 832 1816; x_wconf 87' lang='lat' dir='ltr'><strong>Selomo,</strong></span> <span class='ocrx_word' id='word_1_142' title='bbox 856 1751 902 1824; x_wconf 89' lang='lat' dir='ltr'><strong>qui</strong></span> <span class='ocrx_word' id='word_1_143' title='bbox 924 1759 952 1806; x_wconf 89' lang='lat' dir='ltr'><strong>et</strong></span> <span class='ocrx_word' id='word_1_144' title='bbox 973 1750 1022 1807; x_wconf 87' lang='lat' dir='ltr'><strong>alia</strong></span> <span class='ocrx_word' id='word_1_145' title='bbox 1039 1761 1125 1823; x_wconf 85' lang='lat' dir='ltr'><strong>quae-</strong></span> 
     </span>
     <span class='ocr_line' id='line_1_18' title="bbox 109 1823 625 1910; baseline -0.002 -21"><span class='ocrx_word' id='word_1_146' title='bbox 109 1833 166 1890; x_wconf 85' lang='lat' dir='ltr'><strong>dam</strong></span> <span class='ocrx_word' id='word_1_147' title='bbox 189 1833 279 1890; x_wconf 85' lang='lat' dir='ltr'><strong>adiicit</strong></span> <span class='ocrx_word' id='word_1_148' title='bbox 301 1834 424 1900; x_wconf 76' lang='lat' dir='ltr'><strong>nefanda,</strong></span> <span class='ocrx_word' id='word_1_149' title='bbox 448 1843 475 1890; x_wconf 90' lang='lat' dir='ltr'><strong>et</strong></span> <span class='ocrx_word' id='word_1_150' title='bbox 497 1823 625 1910; x_wconf 74' lang='grc' dir='ltr'><em>α’ῥρητα.</em></span> 
     </span>
    </p>

    <p class='ocr_par' dir='ltr' id='par_1_4' title="bbox 192 1909 1123 1993">
     <span class='ocr_line' id='line_1_19' title="bbox 192 1909 1123 1993; baseline 0.001 -17"><span class='ocrx_word' id='word_1_151' title='bbox 192 1918 253 1976; x_wconf 76' lang='lat' dir='ltr'><strong>bd.</strong></span> <span class='ocrx_word' id='word_1_152' title='bbox 282 1911 361 1975; x_wconf 66' lang='grc' dir='ltr'><strong>ἔνθα</strong></span> <span class='ocrx_word' id='word_1_153' title='bbox 379 1936 442 1975; x_wconf 79' lang='grc' dir='ltr'><strong>που</strong></span> <span class='ocrx_word' id='word_1_154' title='bbox 466 1913 656 1993; x_wconf 65' lang='grc' dir='ltr'><strong>ἐπελέξαντο]</strong></span> <span class='ocrx_word' id='word_1_155' title='bbox 680 1920 806 1975; x_wconf 78' lang='lat' dir='ltr'><strong>Fortasse</strong></span> <span class='ocrx_word' id='word_1_156' title='bbox 828 1909 923 1976; x_wconf 69' lang='lat' dir='ltr'><strong>iduor</strong></span> <span class='ocrx_word' id='word_1_157' title='bbox 937 1913 1123 1988; x_wconf 75' lang='grc' dir='ltr'><strong>ἐπιλέξαντα.</strong></span> 
     </span>
    </p>

    <p class='ocr_par' dir='ltr' id='par_1_5' title="bbox 105 1986 1152 3691">
     <span class='ocr_line' id='line_1_20' title="bbox 189 1986 1124 2080; baseline 0.002 -21"><span class='ocrx_word' id='word_1_158' title='bbox 189 1986 229 2078; x_wconf 74' lang='grc' dir='ltr'><strong>ἦν</strong></span> <span class='ocrx_word' id='word_1_159' title='bbox 250 1997 284 2059; x_wconf 78' lang='grc' dir='ltr'><strong>δὲ</strong></span> <span class='ocrx_word' id='word_1_160' title='bbox 305 2003 397 2060; x_wconf 80' lang='grc' dir='ltr'>τοῦτο</span> <span class='ocrx_word' id='word_1_161' title='bbox 412 1994 506 2060; x_wconf 83' lang='grc' dir='ltr'><em>πάλαι</em></span> <span class='ocrx_word' id='word_1_162' title='bbox 519 1995 700 2080; x_wconf 79' lang='grc' dir='ltr'>Ἀσσυρίων]</span> <span class='ocrx_word' id='word_1_163' title='bbox 723 2007 795 2078; x_wconf 76' lang='lat' dir='ltr'><strong>Ager</strong></span> <span class='ocrx_word' id='word_1_164' title='bbox 809 2005 938 2070; x_wconf 79' lang='lat' dir='ltr'><strong>sennaar,</strong></span> <span class='ocrx_word' id='word_1_165' title='bbox 963 2013 991 2061; x_wconf 88' lang='lat' dir='ltr'><strong>ot</strong></span> <span class='ocrx_word' id='word_1_166' title='bbox 1004 2005 1124 2079; x_wconf 80' lang='lat' dir='ltr'><strong>Babylon</strong></span> 
     </span>
     <span class='ocr_line' id='line_1_21' title="bbox 107 2088 1124 2163; baseline 0.002 -20"><span class='ocrx_word' id='word_1_167' title='bbox 107 2089 162 2161; x_wconf 88' lang='lat' dir='ltr'><strong>ipsa</strong></span> <span class='ocrx_word' id='word_1_168' title='bbox 184 2088 311 2161; x_wconf 90' lang='lat' dir='ltr'><strong>primum,</strong></span> <span class='ocrx_word' id='word_1_169' title='bbox 334 2089 436 2161; x_wconf 88' lang='lat' dir='ltr'><strong>inquit,</strong></span> <span class='ocrx_word' id='word_1_170' title='bbox 459 2090 493 2146; x_wconf 88' lang='lat' dir='ltr'><strong>ad</strong></span> <span class='ocrx_word' id='word_1_171' title='bbox 513 2091 638 2163; x_wconf 78' lang='lat' dir='ltr'><strong>Assyrios</strong></span> <span class='ocrx_word' id='word_1_172' title='bbox 660 2089 800 2163; x_wconf 87' lang='lat' dir='ltr'><strong>pertinuit.</strong></span> <span class='ocrx_word' id='word_1_173' title='bbox 831 2091 957 2162; x_wconf 79' lang='lat' dir='ltr'><strong>Respexit</strong></span> <span class='ocrx_word' id='word_1_174' title='bbox 979 2094 1068 2146; x_wconf 89' lang='lat' dir='ltr'><strong>antem</strong></span> <span class='ocrx_word' id='word_1_175' title='bbox 1090 2089 1124 2146; x_wconf 87' lang='lat' dir='ltr'><strong>ad</strong></span> 
     </span>
     <span class='ocr_line' id='line_1_22' title="bbox 108 2172 1124 2248; baseline 0.001 -20"><span class='ocrx_word' id='word_1_176' title='bbox 108 2172 141 2238; x_wconf 88' lang='lat' dir='ltr'><strong>id,</strong></span> <span class='ocrx_word' id='word_1_177' title='bbox 164 2172 239 2246; x_wconf 87' lang='lat' dir='ltr'><strong>quod</strong></span> <span class='ocrx_word' id='word_1_178' title='bbox 260 2172 358 2229; x_wconf 85' lang='lat' dir='ltr'><strong>Genes.</strong></span> <span class='ocrx_word' id='word_1_179' title='bbox 379 2177 425 2238; x_wconf 89' lang='grc'><strong>10,</strong></span> <span class='ocrx_word' id='word_1_180' title='bbox 446 2176 493 2238; x_wconf 88' lang='lat' dir='ltr'><strong>ll,</strong></span> <span class='ocrx_word' id='word_1_181' title='bbox 516 2174 631 2247; x_wconf 82' lang='lat' dir='ltr'><strong>legitur:</strong></span> <span class='ocrx_word' id='word_1_182' title='bbox 654 2175 696 2229; x_wconf 85' lang='lat' dir='ltr'><strong>Do</strong></span> <span class='ocrx_word' id='word_1_183' title='bbox 712 2182 788 2232; x_wconf 86' lang='lat' dir='ltr'><strong>terra</strong></span> <span class='ocrx_word' id='word_1_184' title='bbox 801 2176 855 2231; x_wconf 79' lang='lat' dir='ltr'><strong>itta</strong></span> <span class='ocrx_word' id='word_1_185' title='bbox 871 2175 1015 2248; x_wconf 77' lang='lat' dir='ltr'><strong>(sennaar)</strong></span> <span class='ocrx_word' id='word_1_186' title='bbox 1031 2191 1124 2246; x_wconf 77' lang='lat' dir='ltr'><strong>eprae-</strong></span> 
     </span>
     <span class='ocr_line' id='line_1_23' title="bbox 107 2255 1124 2333; baseline 0 -19"><span class='ocrx_word' id='word_1_187' title='bbox 107 2273 152 2314; x_wconf 84' lang='lat' dir='ltr'><strong>sus</strong></span> <span class='ocrx_word' id='word_1_188' title='bbox 174 2266 216 2313; x_wconf 82' lang='lat' dir='ltr'><strong>eet</strong></span> <span class='ocrx_word' id='word_1_189' title='bbox 237 2255 334 2322; x_wconf 65' lang='lat' dir='ltr'><strong>Asson</strong></span> <span class='ocrx_word' id='word_1_190' title='bbox 358 2266 386 2313; x_wconf 86' lang='lat' dir='ltr'><strong>ct</strong></span> <span class='ocrx_word' id='word_1_191' title='bbox 406 2260 567 2333; x_wconf 72' lang='lat' dir='ltr'><strong>aedificavit</strong></span> <span class='ocrx_word' id='word_1_192' title='bbox 587 2259 732 2324; x_wconf 78' lang='lat' dir='ltr'><strong>ll&#39;c&#39;nr&#39;oenr,</strong></span> <span class='ocrx_word' id='word_1_193' title='bbox 756 2267 782 2314; x_wconf 86' lang='lat' dir='ltr'><strong>et</strong></span> <span class='ocrx_word' id='word_1_194' title='bbox 799 2261 914 2332; x_wconf 72' lang='lat' dir='ltr'><strong>plumos</strong></span> <span class='ocrx_word' id='word_1_195' title='bbox 937 2260 1074 2323; x_wconf 64' lang='lat' dir='ltr'><strong>deuotis,</strong></span> <span class='ocrx_word' id='word_1_196' title='bbox 1096 2266 1124 2314; x_wconf 86' lang='lat' dir='ltr'><strong>et</strong></span> 
     </span>
     <span class='ocr_line' id='line_1_24' title="bbox 109 2341 1122 2418; baseline 0 -20"><span class='ocrx_word' id='word_1_197' title='bbox 109 2341 203 2399; x_wconf 79' lang='lat' dir='ltr'><strong>Cbale.</strong></span> <span class='ocrx_word' id='word_1_198' title='bbox 234 2342 333 2398; x_wconf 90' lang='lat' dir='ltr'><strong>Verum</strong></span> <span class='ocrx_word' id='word_1_199' title='bbox 347 2341 436 2398; x_wconf 73' lang='grc' dir='ltr'><em>Αιεια</em></span> <span class='ocrx_word' id='word_1_200' title='bbox 457 2343 564 2417; x_wconf 88' lang='lat' dir='ltr'><strong>quidam</strong></span> <span class='ocrx_word' id='word_1_201' title='bbox 587 2346 728 2418; x_wconf 86' lang='lat' dir='ltr'><strong>proprium</strong></span> <span class='ocrx_word' id='word_1_202' title='bbox 750 2360 811 2400; x_wconf 89' lang='lat' dir='ltr'><strong>esse</strong></span> <span class='ocrx_word' id='word_1_203' title='bbox 833 2360 933 2400; x_wconf 90' lang='lat' dir='ltr'><strong>nomen</strong></span> <span class='ocrx_word' id='word_1_204' title='bbox 956 2343 1122 2399; x_wconf 84' lang='lat' dir='ltr'><strong>existimant:</strong></span> 
     </span>
     <span class='ocr_line' id='line_1_25' title="bbox 108 2426 1123 2502; baseline 0 -18"><span class='ocrx_word' id='word_1_205' title='bbox 108 2435 136 2484; x_wconf 93' lang='lat' dir='ltr'><strong>ut</strong></span> <span class='ocrx_word' id='word_1_206' title='bbox 156 2428 190 2484; x_wconf 83' lang='lat' dir='ltr'><strong>ll.</strong></span> <span class='ocrx_word' id='word_1_207' title='bbox 213 2426 337 2492; x_wconf 88' lang='lat' dir='ltr'><strong>Selomo‚</strong></span> <span class='ocrx_word' id='word_1_208' title='bbox 366 2428 465 2502; x_wconf 86' lang='lat' dir='ltr'><strong>quise</strong></span> <span class='ocrx_word' id='word_1_209' title='bbox 488 2429 520 2484; x_wconf 87' lang='lat' dir='ltr'><strong>ab</strong></span> <span class='ocrx_word' id='word_1_210' title='bbox 543 2430 687 2501; x_wconf 88' lang='lat' dir='ltr'><strong>impiorum</strong></span> <span class='ocrx_word' id='word_1_211' title='bbox 710 2428 907 2485; x_wconf 90' lang='lat' dir='ltr'><strong>consuetudine</strong></span> <span class='ocrx_word' id='word_1_212' title='bbox 934 2443 966 2483; x_wconf 85' lang='lat' dir='ltr'><strong>ac</strong></span> <span class='ocrx_word' id='word_1_213' title='bbox 998 2428 1123 2484; x_wconf 83' lang='lat' dir='ltr'><strong>convictu</strong></span> 
     </span>
     <span class='ocr_line' id='line_1_26' title="bbox 108 2505 1124 2586; baseline 0.001 -18"><span class='ocrx_word' id='word_1_214' title='bbox 108 2505 270 2586; x_wconf 77' lang='lat' dir='ltr'><strong>segregarit:</strong></span> <span class='ocrx_word' id='word_1_215' title='bbox 299 2513 470 2586; x_wconf 89' lang='lat' dir='ltr'><strong>eundemque</strong></span> <span class='ocrx_word' id='word_1_216' title='bbox 492 2513 568 2569; x_wconf 77' lang='lat' dir='ltr'><strong>then</strong></span> <span class='ocrx_word' id='word_1_217' title='bbox 591 2513 658 2568; x_wconf 83' lang='lat' dir='ltr'><strong>Ezra</strong></span> <span class='ocrx_word' id='word_1_218' title='bbox 679 2513 792 2586; x_wconf 89' lang='lat' dir='ltr'><strong>iapheth</strong></span> <span class='ocrx_word' id='word_1_219' title='bbox 815 2511 899 2568; x_wconf 90' lang='lat' dir='ltr'><strong>lilium</strong></span> <span class='ocrx_word' id='word_1_220' title='bbox 921 2512 1041 2568; x_wconf 78' lang='lat' dir='ltr'><strong>extitisse</strong></span> <span class='ocrx_word' id='word_1_221' title='bbox 1063 2530 1124 2569; x_wconf 91' lang='lat' dir='ltr'><strong>me-</strong></span> 
     </span>
     <span class='ocr_line' id='line_1_27' title="bbox 107 2596 1152 2671; baseline 0.002 -18"><span class='ocrx_word' id='word_1_222' title='bbox 107 2606 202 2655; x_wconf 87' lang='lat' dir='ltr'><strong>morat.</strong></span> <span class='ocrx_word' id='word_1_223' title='bbox 247 2596 376 2671; x_wconf 80' lang='lat' dir='ltr'><strong>Equidem</strong></span> <span class='ocrx_word' id='word_1_224' title='bbox 398 2600 484 2654; x_wconf 85' lang='lat' dir='ltr'><strong>Assur</strong></span> <span class='ocrx_word' id='word_1_225' title='bbox 506 2598 640 2654; x_wconf 90' lang='lat' dir='ltr'><strong>hocloco</strong></span> <span class='ocrx_word' id='word_1_226' title='bbox 664 2598 696 2653; x_wconf 91' lang='lat' dir='ltr'><strong>de</strong></span> <span class='ocrx_word' id='word_1_227' title='bbox 718 2597 827 2670; x_wconf 79' lang='lat' dir='ltr'><strong>Assyrio</strong></span> <span class='ocrx_word' id='word_1_228' title='bbox 850 2597 967 2671; x_wconf 91' lang='lat' dir='ltr'><strong>populo,</strong></span> <span class='ocrx_word' id='word_1_229' title='bbox 990 2597 1032 2653; x_wconf 90' lang='lat' dir='ltr'><strong>vel</strong></span> <span class='ocrx_word' id='word_1_230' title='bbox 1053 2598 1152 2659; x_wconf 77' lang='lat' dir='ltr'><strong>Ninon</strong></span> 
     </span>
     <span class='ocr_line' id='line_1_28' title="bbox 107 2681 1123 2757; baseline 0.003 -20"><span class='ocrx_word' id='word_1_231' title='bbox 107 2683 164 2756; x_wconf 89' lang='lat' dir='ltr'><strong>ipso</strong></span> <span class='ocrx_word' id='word_1_232' title='bbox 187 2681 264 2756; x_wconf 76' lang='lat' dir='ltr'><strong>regni</strong></span> <span class='ocrx_word' id='word_1_233' title='bbox 279 2682 381 2756; x_wconf 76' lang='lat' dir='ltr'><strong>Assyrii</strong></span> <span class='ocrx_word' id='word_1_234' title='bbox 404 2682 554 2746; x_wconf 87' lang='lat' dir='ltr'><strong>conditore,</strong></span> <span class='ocrx_word' id='word_1_235' title='bbox 570 2681 699 2739; x_wconf 87' lang='lat' dir='ltr'><strong>libentius</strong></span> <span class='ocrx_word' id='word_1_236' title='bbox 721 2683 896 2756; x_wconf 86' lang='lat' dir='ltr'><strong>interpretor.</strong></span> <span class='ocrx_word' id='word_1_237' title='bbox 927 2682 1028 2739; x_wconf 88' lang='lat' dir='ltr'><strong>llodem</strong></span> <span class='ocrx_word' id='word_1_238' title='bbox 1041 2694 1123 2757; x_wconf 87' lang='lat' dir='ltr'><strong>porro</strong></span> 
     </span>
     <span class='ocr_line' id='line_1_29' title="bbox 108 2766 1124 2842; baseline 0.003 -20"><span class='ocrx_word' id='word_1_239' title='bbox 108 2775 229 2840; x_wconf 86' lang='lat' dir='ltr'><strong>spectare</strong></span> <span class='ocrx_word' id='word_1_240' title='bbox 260 2766 367 2823; x_wconf 90' lang='lat' dir='ltr'><strong>videtur</strong></span> <span class='ocrx_word' id='word_1_241' title='bbox 393 2767 467 2842; x_wconf 89' lang='lat' dir='ltr'><strong>quod</strong></span> <span class='ocrx_word' id='word_1_242' title='bbox 500 2776 542 2823; x_wconf 90' lang='lat' dir='ltr'><strong>est</strong></span> <span class='ocrx_word' id='word_1_243' title='bbox 570 2768 641 2841; x_wconf 89' lang='lat' dir='ltr'><strong>apud</strong></span> <span class='ocrx_word' id='word_1_244' title='bbox 662 2767 767 2823; x_wconf 81' lang='lat' dir='ltr'><strong>Esaiam</strong></span> <span class='ocrx_word' id='word_1_245' title='bbox 791 2768 839 2832; x_wconf 81' lang='lat'><strong>23,</strong></span> <span class='ocrx_word' id='word_1_246' title='bbox 862 2771 906 2827; x_wconf 84' lang='lat'><strong>13.</strong></span> <span class='ocrx_word' id='word_1_247' title='bbox 951 2768 1024 2823; x_wconf 81' lang='lat' dir='ltr'><strong>Ecce</strong></span> <span class='ocrx_word' id='word_1_248' title='bbox 1046 2777 1124 2825; x_wconf 84' lang='lat' dir='ltr'><strong>terra</strong></span> 
     </span>
     <span class='ocr_line' id='line_1_30' title="bbox 110 2851 1123 2925; baseline 0.001 -18"><span class='ocrx_word' id='word_1_249' title='bbox 110 2851 333 2910; x_wconf 71' lang='lat' dir='ltr'><strong>santonorum.-</strong></span> <span class='ocrx_word' id='word_1_250' title='bbox 363 2853 429 2908; x_wconf 81' lang='lat' dir='ltr'><strong>tcla‘e</strong></span> <span class='ocrx_word' id='word_1_251' title='bbox 454 2854 580 2925; x_wconf 81' lang='lat' dir='ltr'><strong>populns</strong></span> <span class='ocrx_word' id='word_1_252' title='bbox 607 2870 665 2909; x_wconf 84' lang='lat' dir='ltr'><strong>noo</strong></span> <span class='ocrx_word' id='word_1_253' title='bbox 692 2853 763 2924; x_wconf 78' lang='lat' dir='ltr'><strong>suit:</strong></span> <span class='ocrx_word' id='word_1_254' title='bbox 791 2851 880 2908; x_wconf 77' lang='grc' dir='ltr'><em>Αιιια</em></span> <span class='ocrx_word' id='word_1_255' title='bbox 900 2854 1031 2925; x_wconf 75' lang='lat' dir='ltr'><strong>feodavit</strong></span> <span class='ocrx_word' id='word_1_256' title='bbox 1053 2870 1123 2909; x_wconf 83' lang='lat' dir='ltr'><strong>eom.</strong></span> 
     </span>
     <span class='ocr_line' id='line_1_31' title="bbox 108 2935 1124 3010; baseline 0 -18"><span class='ocrx_word' id='word_1_257' title='bbox 108 2935 140 2994; x_wconf 88' lang='lat' dir='ltr'><strong>ln</strong></span> <span class='ocrx_word' id='word_1_258' title='bbox 162 2936 354 3010; x_wconf 83' lang='lat' dir='ltr'><strong>captivitatem</strong></span> <span class='ocrx_word' id='word_1_259' title='bbox 376 2938 563 2994; x_wconf 78' lang='lat' dir='ltr'><strong>traducerent</strong></span> <span class='ocrx_word' id='word_1_260' title='bbox 582 2940 712 2994; x_wconf 82' lang='lat' dir='ltr'><strong>robustos</strong></span> <span class='ocrx_word' id='word_1_261' title='bbox 735 2939 810 2993; x_wconf 71' lang='grc' dir='ltr'><em>αιάιι</em></span> <span class='ocrx_word' id='word_1_262' title='bbox 831 2939 1006 3009; x_wconf 71' lang='lat' dir='ltr'><strong>suffoderunt</strong></span> <span class='ocrx_word' id='word_1_263' title='bbox 1028 2941 1124 2993; x_wconf 80' lang='lat' dir='ltr'><strong>domur</strong></span> 
     </span>
     <span class='ocr_line' id='line_1_32' title="bbox 108 3022 1122 3094; baseline -0.002 -17"><span class='ocrx_word' id='word_1_264' title='bbox 108 3023 185 3078; x_wconf 78' lang='grc' dir='ltr'><em>αἰιιι</em></span> <span class='ocrx_word' id='word_1_265' title='bbox 204 3029 363 3094; x_wconf 81' lang='lat' dir='ltr'><strong>posuerunt</strong></span> <span class='ocrx_word' id='word_1_266' title='bbox 385 3038 447 3078; x_wconf 84' lang='lat' dir='ltr'><strong>enm</strong></span> <span class='ocrx_word' id='word_1_267' title='bbox 460 3023 492 3078; x_wconf 81' lang='lat' dir='ltr'><strong>in</strong></span> <span class='ocrx_word' id='word_1_268' title='bbox 506 3024 627 3078; x_wconf 72' lang='lat' dir='ltr'><strong>menon.</strong></span> <span class='ocrx_word' id='word_1_269' title='bbox 653 3023 707 3079; x_wconf 90' lang='lat' dir='ltr'><strong>Sed</strong></span> <span class='ocrx_word' id='word_1_270' title='bbox 722 3022 853 3080; x_wconf 88' lang='lat' dir='ltr'><strong>Hebrat&#39;oa</strong></span> <span class='ocrx_word' id='word_1_271' title='bbox 869 3023 946 3079; x_wconf 87' lang='lat' dir='ltr'><strong>aliam</strong></span> <span class='ocrx_word' id='word_1_272' title='bbox 962 3022 1122 3079; x_wconf 87' lang='lat' dir='ltr'><strong>sententiam</strong></span> 
     </span>
     <span class='ocr_line' id='line_1_33' title="bbox 107 3105 1124 3180; baseline -0.004 -16"><span class='ocrx_word' id='word_1_273' title='bbox 107 3107 279 3180; x_wconf 85' lang='lat' dir='ltr'><strong>praeierunt:</strong></span> <span class='ocrx_word' id='word_1_274' title='bbox 302 3106 358 3163; x_wconf 84' lang='lat' dir='ltr'><strong>late</strong></span> <span class='ocrx_word' id='word_1_275' title='bbox 376 3108 500 3180; x_wconf 78' lang='lat' dir='ltr'><strong>popolus</strong></span> <span class='ocrx_word' id='word_1_276' title='bbox 521 3125 579 3164; x_wconf 86' lang='lat' dir='ltr'><strong>noo</strong></span> <span class='ocrx_word' id='word_1_277' title='bbox 599 3116 663 3164; x_wconf 85' lang='lat' dir='ltr'><strong>erat</strong></span> <span class='ocrx_word' id='word_1_278' title='bbox 683 3108 743 3164; x_wconf 81' lang='lat' dir='ltr'><strong>illic</strong></span> <span class='ocrx_word' id='word_1_279' title='bbox 765 3109 840 3165; x_wconf 78' lang='lat' dir='ltr'><strong>olam.</strong></span> <span class='ocrx_word' id='word_1_280' title='bbox 882 3105 973 3163; x_wconf 77' lang='grc' dir='ltr'><em>Αιιια</em></span> <span class='ocrx_word' id='word_1_281' title='bbox 992 3107 1124 3178; x_wconf 68' lang='lat' dir='ltr'><strong>fundavit</strong></span> 
     </span>
     <span class='ocr_line' id='line_1_34' title="bbox 108 3191 1123 3264; baseline -0.003 -16"><span class='ocrx_word' id='word_1_282' title='bbox 108 3208 169 3248; x_wconf 84' lang='lat' dir='ltr'><strong>eom</strong></span> <span class='ocrx_word' id='word_1_283' title='bbox 190 3193 328 3259; x_wconf 56' lang='lat' dir='ltr'><strong>eoolbem</strong></span> <span class='ocrx_word' id='word_1_284' title='bbox 351 3192 401 3256; x_wconf 87' lang='lat' dir='ltr'><strong>vel,</strong></span> <span class='ocrx_word' id='word_1_285' title='bbox 425 3201 456 3249; x_wconf 88' lang='lat' dir='ltr'><strong>ut</strong></span> <span class='ocrx_word' id='word_1_286' title='bbox 477 3192 530 3257; x_wconf 91' lang='lat' dir='ltr'><strong>alii,</strong></span> <span class='ocrx_word' id='word_1_287' title='bbox 554 3194 656 3249; x_wconf 78' lang='lat' dir='ltr'><strong>deserti</strong></span> <span class='ocrx_word' id='word_1_288' title='bbox 677 3194 794 3258; x_wconf 60' lang='lat' dir='ltr'><strong>boontem</strong></span> <span class='ocrx_word' id='word_1_289' title='bbox 816 3191 863 3264; x_wconf 81' lang='lat' dir='ltr'><strong>qui</strong></span> <span class='ocrx_word' id='word_1_290' title='bbox 879 3197 1027 3247; x_wconf 71' lang='lat' dir='ltr'><strong>crescerent</strong></span> <span class='ocrx_word' id='word_1_291' title='bbox 1042 3206 1123 3245; x_wconf 84' lang='lat' dir='ltr'><strong>orces</strong></span> 
     </span>
     <span class='ocr_line' id='line_1_35' title="bbox 105 3275 1122 3350; baseline -0.004 -16"><span class='ocrx_word' id='word_1_292' title='bbox 105 3277 194 3334; x_wconf 71' lang='lat' dir='ltr'><strong>idios.</strong></span> <span class='ocrx_word' id='word_1_293' title='bbox 224 3275 281 3333; x_wconf 85' lang='lat' dir='ltr'><strong>Sed</strong></span> <span class='ocrx_word' id='word_1_294' title='bbox 302 3276 452 3348; x_wconf 69' lang='lat' dir='ltr'><strong>(Chaldaei)</strong></span> <span class='ocrx_word' id='word_1_295' title='bbox 468 3278 658 3334; x_wconf 75' lang='lat' dir='ltr'><strong>contriverunt</strong></span> <span class='ocrx_word' id='word_1_296' title='bbox 669 3278 786 3350; x_wconf 84' lang='lat' dir='ltr'><strong>potatio</strong></span> <span class='ocrx_word' id='word_1_297' title='bbox 800 3277 886 3341; x_wconf 82' lang='lat' dir='ltr'><strong>illiue,</strong></span> <span class='ocrx_word' id='word_1_298' title='bbox 910 3285 962 3332; x_wconf 90' lang='lat' dir='ltr'><strong>etc.</strong></span> <span class='ocrx_word' id='word_1_299' title='bbox 993 3275 1070 3343; x_wconf 82' lang='lat' dir='ltr'><strong>Quod</strong></span> <span class='ocrx_word' id='word_1_300' title='bbox 1086 3276 1122 3331; x_wconf 88' lang='lat' dir='ltr'><strong>ita</strong></span> 
     </span>
     <span class='ocr_line' id='line_1_36' title="bbox 105 3359 1123 3434; baseline -0.002 -16"><span class='ocrx_word' id='word_1_301' title='bbox 105 3361 136 3418; x_wconf 88' lang='lat' dir='ltr'><strong>ll.</strong></span> <span class='ocrx_word' id='word_1_302' title='bbox 153 3361 236 3417; x_wconf 81' lang='lat' dir='ltr'><strong>liavid</strong></span> <span class='ocrx_word' id='word_1_303' title='bbox 257 3361 375 3434; x_wconf 78' lang='lat' dir='ltr'><strong>exponit.</strong></span> <span class='ocrx_word' id='word_1_304' title='bbox 405 3361 464 3418; x_wconf 88' lang='lat' dir='ltr'><strong>Non</strong></span> <span class='ocrx_word' id='word_1_305' title='bbox 488 3370 530 3418; x_wconf 89' lang='lat' dir='ltr'><strong>est</strong></span> <span class='ocrx_word' id='word_1_306' title='bbox 543 3363 651 3427; x_wconf 87' lang='lat' dir='ltr'><strong>mirum,</strong></span> <span class='ocrx_word' id='word_1_307' title='bbox 674 3370 721 3419; x_wconf 84' lang='lat' dir='ltr'><strong>aut</strong></span> <span class='ocrx_word' id='word_1_308' title='bbox 735 3360 901 3425; x_wconf 84' lang='lat' dir='ltr'><strong>incredibile,</strong></span> <span class='ocrx_word' id='word_1_309' title='bbox 925 3359 997 3434; x_wconf 92' lang='lat' dir='ltr'><strong>quod</strong></span> <span class='ocrx_word' id='word_1_310' title='bbox 1013 3361 1046 3416; x_wconf 91' lang='lat' dir='ltr'><strong>de</strong></span> <span class='ocrx_word' id='word_1_311' title='bbox 1061 3359 1123 3434; x_wconf 80' lang='lat' dir='ltr'><strong>Tyri</strong></span> 
     </span>
     <span class='ocr_line' id='line_1_37' title="bbox 107 3445 1121 3520; baseline -0.001 -17"><span class='ocrx_word' id='word_1_312' title='bbox 107 3445 248 3504; x_wconf 85' lang='lat' dir='ltr'><strong>eversione</strong></span> <span class='ocrx_word' id='word_1_313' title='bbox 269 3445 441 3519; x_wconf 80' lang='lat' dir='ltr'><strong>praedicitur.</strong></span> <span class='ocrx_word' id='word_1_314' title='bbox 471 3447 540 3504; x_wconf 86' lang='lat' dir='ltr'><strong>llcce</strong></span> <span class='ocrx_word' id='word_1_315' title='bbox 563 3447 611 3504; x_wconf 92' lang='lat' dir='ltr'><strong>tibi</strong></span> <span class='ocrx_word' id='word_1_316' title='bbox 633 3447 761 3520; x_wconf 79' lang='lat' dir='ltr'><strong>Babylon,</strong></span> <span class='ocrx_word' id='word_1_317' title='bbox 784 3454 812 3501; x_wconf 90' lang='lat' dir='ltr'><strong>et</strong></span> <span class='ocrx_word' id='word_1_318' title='bbox 835 3445 966 3501; x_wconf 84' lang='lat' dir='ltr'><strong>Chaldaea</strong></span> <span class='ocrx_word' id='word_1_319' title='bbox 988 3445 1045 3518; x_wconf 89' lang='lat' dir='ltr'><strong>ipsa</strong></span> <span class='ocrx_word' id='word_1_320' title='bbox 1067 3462 1121 3502; x_wconf 89' lang='lat' dir='ltr'><strong>non</strong></span> 
     </span>
     <span class='ocr_line' id='line_1_38' title="bbox 106 3529 1122 3604; baseline -0.002 -15"><span class='ocrx_word' id='word_1_321' title='bbox 106 3531 218 3589; x_wconf 90' lang='lat' dir='ltr'><strong>eosdem</strong></span> <span class='ocrx_word' id='word_1_322' title='bbox 246 3547 354 3604; x_wconf 90' lang='lat' dir='ltr'><strong>semper</strong></span> <span class='ocrx_word' id='word_1_323' title='bbox 381 3531 482 3587; x_wconf 91' lang='lat' dir='ltr'><strong>incolas</strong></span> <span class='ocrx_word' id='word_1_324' title='bbox 512 3531 621 3600; x_wconf 86' lang='lat' dir='ltr'><strong>habuit;</strong></span> <span class='ocrx_word' id='word_1_325' title='bbox 650 3533 699 3588; x_wconf 89' lang='lat' dir='ltr'><strong>sed</strong></span> <span class='ocrx_word' id='word_1_326' title='bbox 721 3540 749 3587; x_wconf 89' lang='lat' dir='ltr'><strong>et</strong></span> <span class='ocrx_word' id='word_1_327' title='bbox 769 3531 827 3603; x_wconf 84' lang='lat' dir='ltr'><strong>ipsa</strong></span> <span class='ocrx_word' id='word_1_328' title='bbox 849 3529 1062 3587; x_wconf 53' lang='lat' dir='ltr'><strong>vicissitudinem&gt;</strong></span> <span class='ocrx_word' id='word_1_329' title='bbox 1080 3539 1122 3589; x_wconf 89' lang='lat' dir='ltr'><strong>est</strong></span> 
     </span>
     <span class='ocr_line' id='line_1_39' title="bbox 106 3606 1119 3691; baseline 0 -19"><span class='ocrx_word' id='word_1_330' title='bbox 106 3624 227 3690; x_wconf 79' lang='lat' dir='ltr'><strong>experta.</strong></span> <span class='ocrx_word' id='word_1_331' title='bbox 255 3615 322 3672; x_wconf 88' lang='lat' dir='ltr'><strong>Nam</strong></span> <span class='ocrx_word' id='word_1_332' title='bbox 338 3606 533 3673; x_wconf 74' lang='lat' dir='ltr'><strong>Chaldaeorum</strong></span> <span class='ocrx_word' id='word_1_333' title='bbox 554 3617 671 3691; x_wconf 90' lang='lat' dir='ltr'><strong>populus</strong></span> <span class='ocrx_word' id='word_1_334' title='bbox 694 3616 758 3687; x_wconf 88' lang='lat' dir='ltr'><strong>olim</strong></span> <span class='ocrx_word' id='word_1_335' title='bbox 781 3614 818 3671; x_wconf 91' lang='lat' dir='ltr'><strong>ibi</strong></span> <span class='ocrx_word' id='word_1_336' title='bbox 833 3615 924 3671; x_wconf 91' lang='lat' dir='ltr'><strong>sedem</strong></span> <span class='ocrx_word' id='word_1_337' title='bbox 940 3632 995 3672; x_wconf 91' lang='lat' dir='ltr'><strong>non</strong></span> <span class='ocrx_word' id='word_1_338' title='bbox 1010 3616 1119 3672; x_wconf 88' lang='lat' dir='ltr'><strong>babuit:</strong></span> 
     </span>
    </p>
   </div>
   <div class='ocr_carea' id='block_1_3' title="bbox 0 0 1272 4154">
    <p class='ocr_par' dir='ltr' id='par_1_6' title="bbox 0 0 1272 4154">
     <span class='ocr_line' id='line_1_40' title="bbox 0 0 1272 4154; baseline 0 0"><span class='ocrx_word' id='word_1_339' title='bbox 0 0 1272 4154; x_wconf 95' lang='lat' dir='ltr'><strong> </strong></span> 
     </span>
    </p>
   </div>
  </div>
 </body>
</html>
