2534 4154
153 305 215 369 134
608 315 721 366 rernru

144 491 267 546 cunque
289 480 352 547 post
374 471 443 527 dnos
464 487 550 528 annos
572 471 732 537 rediissent,
756 471 847 545 llagos
871 490 918 529 eos
940 475 1082 531 invenisse.
1114 475 1173 533 lloc

58 563 61 568 ’
149 575 214 615 uero
236 574 375 632 nunqnam
398 556 506 629 scripsit
521 556 696 629 Epiphanius.
727 557 815 625 Quare
839 557 1017 616 hallucinatus
1041 570 1083 616 est
1106 578 1174 618 eru-

147 643 300 700 ditissimus
324 643 368 699 ille
390 641 595 713 Evangeliorum
618 642 763 715 interpres.
791 642 847 698 Noc
868 643 929 700 ideo
952 654 1042 701 tamen
1064 656 1172 703 tantum

147 728 322 793 commeruit,
345 735 377 783 ut
398 744 413 781 a
432 725 590 782 Gasaubono
614 736 668 782 tarn
690 726 868 783 inclementer
889 745 920 784 ac
942 730 1035 802 putide
1058 741 1173 788 notare·

96 847 99 855 ·
149 823 197 870 tur
219 823 248 870 et
264 811 489 869 virulentissimus
512 828 542 867 ac
563 811 832 868 maledicentissimns
856 814 974 886 scriptor
988 817 1173 888 appellaretur

149 899 178 955 in
201 898 246 954 illc
270 915 368 971 opere,
392 895 465 970 quod
487 895 575 969 ipsum
598 914 630 952 ex
651 896 790 953 virulentis
813 898 953 954 calumniis
976 910 1005 957 et
1025 901 1171 959 haereticis

147 983 323 1058 opinionibus
346 990 502 1038 contextum
525 982 653 1038 adversus
675 982 840 1039 Baronianos
862 984 978 1041 Annales
1002 985 1106 1043 effudit.

237 1059 279 1136 ὡς
300 1063 342 1135 εἰς
363 1060 418 1140 τὴν
438 1059 606 1143 πανήγυριν
628 1059 753 1140 ταυτην]
778 1068 863 1136 Quaru
886 1069 993 1125 tandem
1013 1071 1056 1127 hic
1071 1064 1172 1147 πανή-

147 1164 236 1231 γυριν
258 1153 397 1225 intelligat,
421 1152 524 1207 nescio.
568 1152 680 1207 Videtur
701 1151 754 1208 loci
776 1152 887 1218 illius,'
880 1172 906 1209 nn
930 1172 985 1226 quo
1008 1167 1088 1214 natus
1112 1165 1173 1215 erat

148 1238 288 1303 Dominus,
312 1237 474 1294 celebratam
495 1237 652 1293 memoriam
675 1230 842 1314 παννγυριν
863 1240 1008 1312 appellare.

236 1326 336 1382 4320
374 1323 418 1400 τῷ
444 1315 503 1400 γὰρ
531 1339 702 1401 τριακοστῳ
730 1317 834 1402 τρίτῳ]
880 1324 918 1381 lle
947 1326 989 1380 his
1016 1327 1172 1384 accuratius

148 1409 231 1484 paulo
252 1418 315 1483 post
333 1424 454 1481 agemus.

235 1495 296 1554 432
312 1494 338 1549 d.
370 1485 422 1548 dmi
444 1484 479 1548 τὸ
506 1489 736 1565 pertractarant
764 1486 948 1568 πρεσβύτης]
987 1495 1065 1563 Quod
1093 1496 1172 1552 lose-

148 1580 220 1653 pbus
249 1579 385 1651 decrepita
414 1577 465 1632 ianr
495 1584 582 1632 aetate
610 1575 718 1632 llariam
747 1578 853 1633 duxerit
885 1589 962 1635 retus
995 1589 1037 1636 est
1066 1581 1170 1653 opinio.

147 1664 228 1733 Quod
256 1672 347 1720 autem
375 1662 477 1718 liberos
505 1679 537 1717 er
559 1661 650 1734 priore
671 1661 760 1734 aliqua
782 1664 898 1736 coniuge
920 1666 1087 1738 susceperit,
1118 1667 1173 1725 etsi

147 1749 176 1804 id
197 1748 363 1822 Epiphanius
391 1747 489 1820 aliique
512 1747 623 1801 Veteres
646 1747 792 1802 memoriae
814 1749 996 1820 prodiderint,
1021 1750 1172 1810 reclamant

147 1841 238 1888 tamen
260 1833 357 1888 merito
380 1831 479 1887 caetori
502 1847 606 1887 omnes.
635 1831 673 1887 lle
696 1848 749 1904 qua
772 1849 801 1887 re
822 1833 952 1889 Baronius
975 1836 1003 1891 in
1025 1839 1126 1909 Appar.

235 1919 295 1974 433
312 1916 339 1970 b.
370 1911 510 1973 ἐντεῦθεν
531 1910 644 1987 τοίνυν]
669 1915 742 1972 llaec
763 1916 846 1989 igitur
868 1919 948 1976 verba
972 1923 1026 1976 τοῦ
1042 1920 1121 1978 θεοῦ
1137 1923 1170 1978 ad

145 2002 236 2059 lesum
258 1999 531 2074 pertinere·cr·edidit
553 2000 649 2072 Epiph.
673 2017 728 2056 uon
750 2001 784 2056 ad
805 2003 945 2059 Arlamum.

234 2089 296 2145 433
312 2103 336 2142 c.
367 2086 409 2163 τῷ
424 2082 540 2165 Λουκᾷ
561 2075 625 2140 ὄντι
648 2080 698 2140 καὶ
721 2077 820 2162 αὐτῷ]
844 2088 922 2156 Quod
938 2090 1024 2146 Lucas
1048 2108 1062 2146 e
1085 2091 1170 2149 disci·

146 2172 275 2270 pulcrum
296 2187 411 2227 numero
432 2169 523 2234 suerit,
545 2169 643 2225 asserit
665 2177 693 2225 et
707 2170 862 2228 Dorotheus
878 2174 905 2229 in
921 2173 1046 2248 synopsi,
1071 2193 1170 2250 quam-

145 2259 186 2314 uis
214 2257 275 2314 id
268 2273 357 2331 ipsum
386 2255 419 2311 ab
443 2273 476 2311 eo
498 2254 592 2327 negari
613 2254 780 2311 llaldonatus
803 2258 951 2331 scripserit.
997 2260 1051 2317 Sed
1073 2271 1169 2319 contra

145 2344 270 2402 sentiunt
297 2341 437 2416 plerique,
465 2348 494 2397 et
515 2339 542 2396 id
565 2357 597 2395 ex
619 2340 684 2413 ipsis
707 2341 795 2397 Lucae
819 2343 906 2399 verbis
929 2345 1075 2419 colligunt,
1105 2364 1169 2404 cum

144 2429 184 2486 ait
213 2422 296 2496 ἔδοξε
326 2419 377 2508 adp
379 2421 419 2482 tol
446 2417 736 2503 παρηκολουθηκότι
765 2417 886 2484 ἄνωθεν
912 2432 1005 2485 πᾶσιν
1032 2423 1169 2508 ἀκριβῶς

147 2509 282 2586 καθεξῆς
302 2530 351 2568 σοι
372 2505 502 2589 γράψαι.
546 2510 598 2567 Sed
622 2519 726 2566 tantum
748 2511 840 2578 abest,
864 2522 894 2569 ut
916 2516 984 2572 haec
1006 2515 1168 2591 discipulum

148 2597 248 2655 Christi
269 2597 362 2661 luisse,
385 2614 416 2653 ac
439 2614 493 2652 non
515 2596 660 2669 pleraque,
684 2614 746 2652 cum
768 2597 801 2653 ab
825 2616 857 2655 co
880 2611 1056 2672 gererentur,
1080 2603 1167 2659 oculis

146 2697 295 2753 usurpasse
317 2690 426 2753 negent,
450 2690 482 2737 ut
503 2681 669 2736 contrarium
691 2682 782 2754 potius
804 2683 868 2740 hinc
891 2686 949 2741 elici
972 2687 1068 2758 possit.
1100 2687 1168 2743 Ver-

146 2766 212 2835 bum
235 2765 306 2820 enirn
328 2762 576 2860 παρακολουθεῖν
597 2780 792 2860 nonrmnquam
814 2768 847 2824 ad
865 2786 923 2825 eam
940 2772 1063 2828 notitiam
1079 2772 1168 2829 reler-

146 2863 201 2917 tur,
224 2866 294 2922 quae
316 2848 431 2904 oculis
424 2849 500 2922 rpsis,
523 2866 554 2905 ac
576 2850 684 2923 propria
707 2851 884 2925 intelligentia
906 2866 1087 2928 comparatur,
1111 2874 1167 2915 non

144 2939 260 2997 aliorum
282 2932 463 2990 sermonibus.
493 2933 527 2988 Ut
549 2949 610 2988 curn
632 2933 790 2991 Demost.
776 2955 807 2992 sn
828 2956 870 3017 τῳ
891 2958 958 3018 περι
951 2936 1168 3037 Παραπρεσ-

144 3017 197 3099 fiel
196 3040 232 3089 ας
183 3017 287 3077 tue
303 3017 447 3082 Aeschine,
471 3017 548 3073 cuius
571 3017 598 3072 in
621 3018 756 3092 legatione
779 3038 870 3078 comes
892 3025 990 3091 luerat,
1014 3031 1053 3083 sic
1074 3027 1169 3101 loqui·

145 3119 207 3167 tur:
237 3099 288 3160 καὶ
310 3095 327 3161 ὁ
349 3096 459 3159 τούτου
482 3095 698 3178 πονηρεύματα
720 3099 824 3176 εἰδοὺς,
853 3104 903 3163 καὶ
925 3108 1168 3187 παρηκολουθη-

101 3180 249 3261 9οκώς“
229 3205 325 3248 απασι
348 3189 516 3263 κατηγορῶ.
550 3187 595 3242 Sic
617 3188 699 3261 igitur
722 3191 806 3247 Lucas
830 3182 951 3249 ἄνωθεν
971 3195 1167 3274 παρηκολου-

144 3271 274 3356 θηκέναι
295 3275 388 3331 πᾶσιν
409 3266 545 3368 ἀκριβῶς
565 3272 678 3337 dicitur,
701 3275 755 3330 hoc
777 3284 819 3332 est
841 3290 988 3352 comperta,
1012 3282 1168 3354 explorata-

145 3382 209 3440 que,
232 3379 263 3417 ac
284 3367 405 3433 spectata
429 3358 508 3414 etiam
531 3356 668 3414 habuisse.
709 3364 747 3416 Αο
770 3362 851 3419 videri
873 3374 965 3437 potest
987 3376 1014 3422 et
1036 3367 1168 3423 nonnulla

144 3450 190 3507 hic
211 3444 353 3506 antithesis
376 3461 452 3509 esse,
482 3453 515 3500 ut
536 3460 598 3499 cum
620 3445 761 3517 superiore
783 3465 863 3504 versu
894 3448 1004 3516 dixerit,
1035 3451 1168 3520 Quando·

145 3534 255 3608 quidem
276 3529 354 3586 multi
375 3547 420 3586 res
442 3545 458 3583 a
480 3528 588 3585 Christo
610 3537 701 3600 gestas
724 3531 844 3589 scribere
866 3537 987 3608 aggressi
1010 3545 1083 3602 sunt,
1109 3554 1167 3593 κα·

144 3612 215 3686 θὼς
239 3606 452 3693 παρέδοσαν
435 3633 510 3690 ημιν
530 3629 558 3671 οι
581 3605 631 3670 ἀπ’
657 3607 768 3694 ἀρχῆς,
797 3619 888 3676 statim
910 3620 1050 3688 subiiciat,
1081 3615 1165 3691 ἔδοξε
