2534 4154
465 341 756 399 aurutuveusroues.
1056 323 1119 392 259

102 495 151 554 sed
175 504 206 554 ut
226 494 456 553 cruditibeeturis
479 494 597 552 studium
620 495 742 560 excitem,
765 493 888 550 fortassis
910 496 1048 560 audacius,
1070 495 1121 553 ab·

103 584 167 641 hine
189 580 262 641 anille
283 597 314 636 ac
336 578 459 637 ducentis
482 579 679 652 propemodum
700 579 777 637 annis
800 578 927 652 liquidam
943 597 973 637 ac
989 582 1121 639 sinceram

102 667 212 725 illorum
235 665 367 722 rationem
389 663 539 737 ignoratam
562 665 653 721 luisse.
685 665 763 734 Quod
785 664 837 722 nisi
859 666 1016 723 certissimis
1038 684 1123 739 argu·

102 750 202 810 mentis
225 749 384 822 indiciisque
406 757 607 815 monstravero,
634 750 700 805 nihil
723 767 773 824 ego
794 749 976 823 deprecabor,
1007 750 1073 824 quin
1094 751 1122 807 id

103 835 248 895 vanissime
269 851 284 890 a
306 851 360 897 me¹
372 833 473 892 dictum
488 851 583 891 omnes
598 834 772 891 arbitrentur.
804 835 958 907 Pioponam
973 836 1056 909 igitur
1070 837 1124 895 im·

103 920 198 996 primis
220 919 445 994 quemadmodum
468 917 501 975 ab
524 919 641 992 antiquis
663 918 804 976 Historicis
826 936 857 976 ea
880 921 1040 986 referantur,
1064 932 1121 977 tum

104 1005 207 1080 quida
229 1004 427 1060 recentioribus
449 1004 595 1062 memoriae
618 1003 754 1077 proditam
777 1004 821 1069 sit,
845 1014 876 1060 ut
891 1005 1032 1063 amborum
1048 1007 1124 1065 lalsi-
1176 992 1180 1013 ¹

104 1099 163 1151 tate
184 1089 303 1148 convicta
327 1089 424 1145 veritas
446 1089 504 1161 ipsa
526 1106 541 1144 a
564 1089 616 1144 situ
641 1097 668 1146 et
691 1088 858 1146 obscuritate
880 1091 1040 1149 vindicetur.

194 1171 335 1248 [Sequitur
356 1173 491 1231 Excvvrsus
514 1173 578 1229 Vlll.
600 1173 643 1228 De
665 1173 813 1233 stomoma·
828 1182 855 1229 et
868 1171 1021 1246 Aucqroun
1037 1177 1124 1237 Pseu·

104 1260 248 1330 &syuodo
281 1260 401 1331 aliisque
428 1257 671 1317 semiarianorum
701 1260 772 1315 actis
801 1257 944 1326 Socratis,
976 1259 1125 1318 Sozoment'

105 1353 335 1416 caeterorumque
357 1343 488 1400 eumatio
512 1361 538 1416 p.
557 1343 746 1416 306—320.]
1127 1332 1129 1341 ¹

193 1431 253 1488 846
270 1428 297 1484 b.
328 1425 360 1484 ἐκ
383 1420 541 1504 διαφόρων
562 1423 725 1503 ἐπαρχιῶν]
765 1430 975 1502 hecyranaista
999 1430 1176 1503 Synodusttu

105 1531 162 1572 non
184 1531 199 1571 a
221 1513 286 1570 solis
308 1513 369 1578 illis,
393 1513 440 1586 qui
461 1512 493 1569 ad
508 1513 642 1571 Enoaenia
664 1523 854 1584 convenerant,
878 1514 1017 1588 Episcopis
1034 1515 1125 1574 habita
1158 1506 1163 1510 ⁸

105 1607 158 1664 est,
181 1598 230 1654 sed
252 1597 297 1654 alii
318 1606 460 1670 praeterea
480 1597 625 1656 adfuerunt
647 1598 758 1659 aliarum
774 1599 974 1658 Provinciarnm
989 1599 1125 1673 Episcopi,

106 1684 181 1743 velut
202 1683 361 1739 Eustathins
384 1681 522 1739 sebastiae
551 1683 578 1740 in
600 1683 741 1752 Armenia,
771 1683 903 1759 pleriqde,
916 1694 1006 1742 autem
1028 1685 1125 1743 hiernis

107 1768 265 1833 difficultate
287 1768 428 1826 interclusi
451 1777 524 1826 sunt

194 1848 244 1911 aul
260 1846 299 1911 τὰ
315 1848 361 1909 ἐπὶ
377 1854 431 1927 τῆς
445 1843 807 1924 Κωνσταντινουπόλεως]
849 1853 916 1911 Post
932 1854 1049 1912 Concilio
1064 1855 1126 1929 Tyri

107 1955 139 1996 ae
161 1937 355 2011 Hierosolymis
378 1937 413 1994 ab
434 1937 538 1993 Arianis
561 1936 706 2001 celebrata,
729 1955 790 1994 cnm
813 1939 974 1995 Athanasius
993 1940 1127 1996 Constan-

108 2024 196 2079 tinum
211 2022 330 2087 adiisset,
347 2023 428 2080 huius
444 2022 529 2079 literis
546 2022 807 2095 Constantinopolim
823 2024 900 2080 acciti
916 2034 980 2080 sunt
992 2025 1126 2098 Episcopi.

109 2108 232 2177 Quorum
254 2125 338 2180 opera
359 2107 479 2180 relegato
496 2106 524 2164 in
540 2107 636 2164 Callias
652 2108 798 2165 Athanasio
815 2107 955 2164 Marcellus
971 2109 1126 2182 deponitur.
1154 2114 1155 2117 ’

109 2193 173 2254 Vide
196 2193 335 2250 Socratem
365 2197 387 2257 l,
406 2194 456 2251 23.
501 2192 580 2260 Qrvod
607 2209 677 2251 anno
703 2195 762 2251 336
792 2193 938 2266 contigisse
961 2194 1055 2252 scribit
1078 2196 1129 2251 tta-

107 2277 213 2340 ronius.
1160 2333 1163 2340 ,

116 2393 123 2412 .
195 2356 242 2419 e'nl
270 2363 335 2427 τοῖς
362 2352 521 2441 iytturvlorg
541 2359 596 2434 τῆς
617 2355 648 2416 ἓν
663 2351 842 2442 Ἀντιοχείᾳ]
886 2361 923 2418 lle
946 2363 996 2420 hac
1019 2363 1128 2438 Synodo

108 2446 218 2521 legendi
240 2445 382 2501 Bnrouiani
404 2444 520 2501 Annales
543 2462 614 2501 auno
639 2447 708 2503 att.

196 2525 246 2586 nul
267 2524 346 2603 μετὰ
368 2531 466 2586 ταῦτα
488 2523 567 2587 κατὰ
588 2519 756 2605 Σαρδικήν]
788 2527 975 2586 Sardicensem
991 2531 1130 2606 Synodum

110 2634 166 2675 non
190 2615 395 2671 Oecumsnieam
419 2614 489 2675 illam
513 2623 540 2670 et
554 2614 718 2671 Catholicam
741 2613 904 2686 intelligunt,
928 2616 954 2677 iu
977 2633 1029 2690 qua
1046 2620 1131 2674 tltha-

111 2700 203 2759 nasius
226 2700 380 2765 restitutus,
404 2698 520 2755 damnati
542 2715 606 2755 vero
628 2699 719 2755 Ariani
737 2698 871 2771 Episcopi.
896 2699 944 2756 sed
959 2700 1132 2760 Conciliabu·

110 2787 167 2842 lum
190 2785 286 2841 eodem
310 2795 432 2857 tempore
455 2784 487 2840 ah
511 2784 614 2840 Arianis
630 2783 761 2857 Philippis
782 2784 810 2839 in
827 2783 938 2841 Thracia
954 2785 1130 2854 celebratam,

71 2887 73 2892 ·
112 2871 185 2944 quod
208 2870 375 2927 sardicensis
398 2869 506 2925 nonrine
529 2869 710 2925 venditarunt.
744 2868 825 2924 Cuius
848 2869 987 2932 decretum
1010 2881 1082 2928 extat
1104 2873 1131 2927 in

111 2955 270 3029 fragmentis
293 2954 398 3019 Hilarii,
422 2955 455 3010 ad
477 2954 616 3009 Africanos
639 2953 788 3028 Episcopos
810 2954 931 3009 missum.
963 2956 1132 3013 Sozomenus

114 3043 142 3105 3,
157 3043 191 3096 10
215 3041 314 3095 author
337 3049 387 3104 est,
411 3039 588 3096 constitutum
611 3039 638 3095 in
661 3056 691 3095 ea
707 3038 816 3112 Synodo
837 3037 871 3094 ,ab
884 3039 986 3101 Arianis
1010 3057 1070 3095 esse
1093 3041 1133 3096 uti
1163 3110 1165 3116 Ι

115 3124 370 3182 Consudstuntt'ulis
391 3123 552 3182 vocabulum
575 3142 589 3180 a
611 3122 687 3181 nullo
710 3123 837 3196 deinceps
854 3132 1040 3196 usurparetur.
1065 3125 1133 3182 Tum

114 3211 256 3266 damnatos
280 3226 336 3274 eos,
360 3209 405 3281 qui
429 3218 485 3264 tres
502 3209 571 3264 bens
595 3225 656 3264 esse
677 3208 809 3272 dicerent,
832 3208 874 3264 vel
889 3209 1025 3265 Christum
1048 3227 1134 3282 nega-

113 3303 176 3353 rent
198 3293 293 3357 Deum,
317 3302 364 3349 aut
385 3293 501 3351 eundem
525 3310 585 3350 esse
607 3294 723 3360 Patrem,
748 3293 844 3349 Filium
867 3303 894 3350 et
917 3293 1046 3366 Spiritum
1069 3313 1134 3350 sarr-

115 3389 189 3436 ctam
213 3387 377 3442 assererent,
402 3387 541 3450 postremo
564 3379 610 3450 qni
633 3378 717 3433 luisse
740 3387 847 3451 tempus
865 3381 1057 3452 saeculumque
1073 3397 1135 3436 cre·
1240 3453 1241 3456 Ἴ

113 3465 221 3529 darent,
246 3481 300 3536 quo
323 3462 444 3520 nondum
466 3462 552 3522 Filius·
572 3462 709 3520 existeret.
753 3461 879 3528 Socrates
906 3481 969 3529 vero
994 3466 1021 3530 2,
1040 3466 1077 3522 20
1101 3466 1134 3522 de

114 3549 211 3607 iisdem
234 3566 332 3622 agens:
356 3542 407 3602 καὶ
430 3547 571 3624 φανερῶς
593 3545 705 3618 (ὶηᾳυίι),
726 3540 832 3606 λοιπὸν
852 3539 887 3603 τὸ
901 3544 959 3621 μὲν
973 3541 1137 3622 ὁμοούσιον

112 3626 389 3708 ἄναθεματίζονω·
412 3625 468 3708 τὴν
485 3625 523 3695 df*
543 3631 601 3704 ppo
615 3620 873 3716 ‘ltlltsslwdtiiue
885 3627 1047 3701 invocatae
1061 3650 1136 3712 uuu-

934 3721 986 3771 Π*
