2534 4154
181 297 246 358 aaa
621 308 749 358 >cernuo
798 318 823 351 -r

178 448 332 540 baptizatos
359 465 393 521 ab
415 457 562 520 Haereticis
584 463 703 537 perinde
731 453 870 542 ἀληθινῷ
887 462 1026 536 baptisma
1049 465 1196 536 expiandas

181 551 380 608 esse-dicitac
402 550 424 604 si
447 549 480 606 ab
501 549 586 605 Laicis
605 549 635 603 id
657 548 848 604 obtinuissent.
886 548 970 616 Quasi
981 549 1122 604 laieorum
1143 550 1196 606 ba·

175 626 466 710 prtsmnsdtaeotg
486 650 541 690 non
563 642 645 689 esset.
691 633 777 701 Quod>
791 650 870 688 secus
893 650 922 688 se
945 632 1041 697 babet,
1072 643 1104 689 ut
1126 636 1197 693 inter

174 729 302 777 caeteros
314 722 439 792 'August
462 719 480 774 1.
499 721 516 776 2
536 726 633 775 contra
655 719 740 792 Epist.
763 718 941 775 Parme-13
963 718 1090 774 declarat.
1111 720 1196 776 Earn-

180 807 230 862 etsi
251 807 348 862 eodem
369 804 414 860 illo
436 804 497 860 loco
519 802 625 859 dubitat
647 811 737 858 utrum
756 802 793 857 ab
809 820 858 867 eo,
878 802 929 874 -qui
950 820 1095 876 nunquam·
1116 805 1196 860 Elari-

179 888 394 971 stianusvluerit,
416 887 567 961 baptismus
588 889 675 960 possit
697 887 829 943 canistri:
850 887 888 949 Et
908 887 980 942 haee
1000 888 1111 960 quidem
1133 891 1212 970 αλιαι

179 975 305 1047 quaestio
321 981 389 1037 -est,
418 973 525 1047 inquit,
553 981 647 1027 atram
669 980 697 1027 et
715 974 753 1027 ab
775 971 841 1036 ιἰἐ.,ἒ
855 973 904 1044 pat
923 989 1069 1044 αυαᾳααιιι
1087 975 1195 1046 fuerint

181 1059 348 1122 Christiani,
375 1059 466 1130 possit
488 1059 650 1130 Baptismus
677 1059 751 1113 dati.
794 1057 854 1112 Nee
876 1058 985 1128 aliquid
1005 1059 1071 1113 inde
1093 1068 1195 1115 tenuere

173 1144 378 1217 affiramodnm
399 1151 453 1207 est„
470 1145 542 1198 eine*
554 1142 725 1198 authoritate
741 1143 813 1199 tanti
829 1141 956 1205 Consilii,
979 1151 1116 1214 quantam
1130 1154 1194 1201 tan.

177 1236 223 1284 tae
245 1229 288 1283 rei
308 1229 422 1302 suffieit.
445 1229 504 1284 Sed
526 1227 784 1302 mirum-estquod
799 1227 824 1282 in
840 1226 961 1283 Eliberit.
982 1227 1194 1285 donatianae.
1221 1282 1224 1288 .

180 1316 218 1372 38
248 1313 382 1369 sancitur:
416 1311 450 1368 tn
475 1328 593 1386 perepre
619 1314 786 1382 aucipastas
812 1313 959 1382 ioprneote
984 1315 1153 1370 necereitate
1175 1333 1195 1369 a

177 1413 347 1471 quocumque
368 1398 453 1471 fideli,
476 1399 523 1469 qni
544 1414 601 1452 oon
622 1398 659 1452 sit
681 1398 815 1467 bipennas,
839 1397 981 1468 baptizari
992 1398 1112 1468 possein.
1143 1400 1194 1456 Er-

176 1499 284 1556 gonea
306 1481 421 1554 bigamis
441 1482 570 1555 baptizari
593 1482 619 1536 in
643 1490 715 1538 tanta
737 1482 909 1537 necessitate.
922 1498 976 1537 non
998 1480 1112 1539 lieuit‘l·x

257 1570 344 1625 1100
361 1584 385 1622 a.
416 1562 465 1622 καὶ
493 1563 692 1640 conpellatio·
713 1559 776 1638 μετ’
802 1558 933 1639 αὐτῶν]Ι
961 1569 1059 1630 heti,
1076 1572 1110 1627 4:
1133 1564 1192 1624 καὶ

176 1643 408 1725 συναλιζόμενος
428 1645 754 1729 παρήγγειλεν-αὐτοῖς
781 1659 832 1707 etc.
877 1651 930 1706 Pro
953 1667 1007 1725 quo
1030 1651 1130 1725 legisse
1153 1655 1193 1708 vi·

177 1736 256 1792 detur
278 1737 452 1809 Epiphanius
476 1735 525 1792 καὶ
542 1727 808 1809 ’συναυλιζόμενσς
833 1736 897 1790 Nam
920 1740 946 1790 in
959 1738 1197 1816 anacephalaeosi

97 1836 101 1848 “
124 1824 273 1894 mpii-ll
295 1821 365 1876 idem
388 1820 547 1877 vocabulum
570 1831 697 1894 usurpat:
727 1817 777 1876 καὶ
799 1817 986 1889 συνεσθίειν,
1013 1821 1117 1894 inquit,
1142 1820 1190 1879 nai

175 1898 427 1977 συναυλιζόμενσς
449 1898 484 1959 ari
508 1898 639 1980 δοκήσει,
662 1897 727 1960 ἀλλ’
752 1899 894 1986 ἀληθεία.
924 1905 1082 1979 Quanquam
1104 1907 1190 1973 lib.l,

175 1989 329 2062 Panariip.
348 1991 397 2052 50,
420 1989 492 2044 unde
513 1989 603 2046 locum
625 1989 700 2045 illum
723 1991 749 2045 in
772 1990 1019 2064 Anocephalaeosin
1041 1994 1189 2057 transtulit,

174 2066 344 2130 communem
372 2073 515 2129 lectionem
539 2074 686 2146 expressit:
716 2070 766 2129 utri
788 2069 976 2144 συναλίζεται
1000 2065 1035 2129 ari
1059 2071 1190 2152 δοκήσει,

172 2151 238 2216 ἀλλ’
257 2149 399 2240 ἀληθεία.
428 2158 544 2214 Verbum
561 2153 797 2228 συναυλίζεσθαι
813 2160 924 2214 eandam
947 2160 1004 2215 lere
1026 2168 1188 2233 potestatem

173 2244 256 2303 babet
288 2261 368 2318 quam
402 2245 447 2322 τῷ
474 2237 691 2312 συναλίζεσθαι
718 2244 826 2316 quidam
860 2243 1027 2308 attribuunt,
1062 2246 1189 2303 nimirum

173 2330 322 2385 eonvenite
343 2346 404 2384 cam
427 2330 531 2401 atiquo,
555 2331 729 2400 conprepari.
760 2330 847 2402 Atque
870 2331 905 2384 ita
928 2330 1075 2385 nonnullos
1097 2331 1189 2404 legere

172 2413 242 2471 Beda
270 2422 395 2471 testatur.
438 2419 474 2470 nt
495 2415 631 2487 lnterpres
653 2423 749 2470 nester
769 2405 1001 2488 συναλιζόμενος
1022 2417 1101 2472 vertit
1119 2432 1190 2473 aaa·

169 2516 294 2554 vescens.
339 2499 399 2568 Quo
421 2516 503 2556 sensu
527 2499 736 2572 chrysostomus
758 2500 877 2572 aaeepit‚
909 2507 937 2554 et
959 2499 1187 2574 Theophylactus

171 2592 212 2639 ut
231 2584 301 2639 idem
328 2585 363 2640 sit
391 2602 422 2640 ae
449 2584 512 2640 τῶν
539 2576 622 2640 ἁλῶν
650 2579 700 2639 καλ
729 2578 878 2659 τραπέζης
897 2577 1050 2656 precipere
1082 2585 1138 2642 Sed
1161 2596 1189 2642 et

166 2667 352 2740 {lieronymus
372 2669 457 2742 Epist.
470 2671 526 2726 tto
550 2669 582 2723 ad
594 2668 746 2733 -Hedibiam
766 2669 905 2738 Quaesti
930 2684 1097 2726 concesseras
1111 2671 1188 2746 legit.

220 2790 223 2794 -
261 2751 382 2810 111131).
412 2748 479 2830 περὶ
502 2751 636 2826 θεσμῶν·
652 2747 686 2809 δὲ
706 2755 762 2828 τῆς
783 2746 887 2828 αὐτῆς]
922 2753 1035 2827 Egregia
1058 2755 1188 2830 deinceps

171 2853 207 2893 ac·
224 2836 367 2909 singularis
390 2837 534 2909 disputatio
557 2839 682 2912 sequitur
703 2839 736 2894 de
758 2839 910 2912 praecipuis
925 2838 1061 2896 Ecclesiae
1078 2841 1186 2904 ritibus,

164 2936 252 2996 ⁴quem
275 2921 349 2977 velut
370 2922 552 2977 characterem
576 2939 607 2978 ac
629 2932 720 2978 nomm
742 2923 866 2988 adhibet,
896 2940 949 2995 que
973 2923 1006 2979 ab
1027 2924 1186 2982 adulterinis

164 3005 366 3064 conventiculis
384 3005 524 3063 Catholica
545 3007 662 3063 Ecclesia
685 3008 862 3082 dignoscitur.
904 3007 1007 3077 Quibus
1028 3027 1080 3066 nos
1101 3028 1188 3086 argu·

169 3093 269 3148 mentis
290 3109 321 3148 ac
343 3091 426 3165 signis
447 3091 560 3164 perinde
582 3091 635 3148 hoc
657 3100 779 3165 tempore
799 3110 888 3150 reram
911 3110 942 3148 ac
964 3094 1111 3152 Romanam
1133 3096 1188 3152 Ee-

170 3177 279 3234 alesiam
300 3193 314 3231 a
331 3177 411 3233 ⁴lacae
432 3176 637 3233 novissimarum
654 3177 807 3233 Haereseon
830 3179 1005 3235 secernimus.
1023 3180 1110 3244 Eam.
1124 3181 1187 3254 ple·

170 3256 248 3335 tique
278 3278 382 3318 omnes
399 3261 435 3316 illi
464 3262 562 3318 veteris
584 3261 719 3318 Ecclesiae
747 3279 838 3319 mores
865 3264 892 3319 in
915 3264 1050 3320 humanae
1078 3282 1132 3321 usu
1153 3283 1184 3321 ae

165 3347 367 3423 :consuetudine
389 3346 559 3403 resederunt.
596 3346 726 3415 Quocirca
749 3364 833 3421 pauca
856 3348 909 3411 illa,
926 3360 1182 3422 ‘quaesupersunn

169 3432 256 3503 capita
277 3444 376 3504 magna
406 3431 549 3488 Catholicis
572 3431 697 3488 omnibus
719 3433 781 3488 usui
803 3450 864 3490 esse
885 3438 1065 3506 passuut‚··ut
1086 3435 1184 3490 msera

165 3509 227 3569 sus
243 3526 374 3572 novorum
403 3516 541 3572 bominum
562 3517 699 3573 insaniam
730 3526 813 3593 atque
839 3518 972 3574 inscitiam
994 3529 1182 3592 opponantur.

167 3598 207 3654 Ab
228 3599 250 3654 si
273 3600 306 3656 da
328 3600 441 3674 singulis
463 3600 515 3657 illis
537 3601 635 3657 ritihus
651 3601 736 3675 paulo
759 3603 910 3660 accuratius
925 3601 1111 3661 renhalacere
1125 3604 1185 3661 vel-
