2534 4154
169 320 234 386 tta
628 335 743 386 rartvu
772 349 781 393 ς

171 507 282 558 omnam
310 507 429 567 quornm
450 490 604 548 testimonia
626 508 641 546 a
664 490 809 548 Catholicis
831 489 1016 565 Scriptorihus
1037 489 1203 547 iamdudum

170 576 293 633 studiose
316 576 430 633 collecta
452 585 525 632 sunt
557 576 611 633 Sed
628 576 740 632 eximius
755 584 837 649 atque
852 575 983 650 imprimis
999 575 1132 632 disertus
1143 580 1202 644 est,

130 712 149 718 ..
168 661 220 735 qui
246 660 312 717 mihi
340 661 411 717 forte
433 677 505 717 nuno
528 661 647 718 occurrit
670 659 816 718 Clementis
838 660 966 717 Alexand.
990 660 1067 716 locus
1091 660 1199 719 Strum-

165 745 194 802 ·.-l
205 748 235 803 4
264 739 458 820 Μελχισεδὲκ
478 740 625 818 βασιλεὺς
644 737 817 820 Euhipfft
802 764 818 802 o
842 737 939 848 ἱερεὺς
960 746 1016 802 τοῦ
1037 744 1118 802 &sori
1138 745 1202 803 τοῦ

169 822 321 904 ὑψίστου·
344 822 361 889 ὃ
383 821 437 886 τὸν
458 820 539 886 οἶνον
561 825 611 885 καὶ
633 824 688 886 τὸν
708 822 805 907 ἄρτον
818 824 874 905 τὴν
887 823 1073 906 ἡγιασμένην
1088 823 1204 898 dadodc

168 908 290 1014 spupdpr
311 910 354 983 εἰς
373 907 470 972 τύπον
490 907 708 1015 Εὐχαριστίας.
737 916 802 972 Vide
825 918 940 989 August.
963 914 1049 989 Epist.
1066 916 1119 973 05.
1183 928 1188 949 ·’

166 1039 169 1044 -
211 1036 214 1041 ·
256 991 330 1056 dds*
351 1017 407 1056 tou
393 992 569 1076 Ἀβραὰμ
589 994 703 1078 πατήρ]
736 1000 815 1069 Quod
828 999 992 1057 Abraamum
1008 1016 1080 1056 anno
1092 1000 1201 1057 aetatis

59 1107 61 1111 ¹
166 1100 236 1142 suae
261 1088 299 1144 tt
322 1087 450 1159 genuerit
471 1085 559 1141 Thera
581 1085 683 1142 diserte
700 1085 841 1159 Scriptura
862 1085 952 1150 docet,
975 1102 1006 1141 ac
1028 1084 1206 1159 tergiverser»

32 1177 37 1195 “
168 1169 273 1227 tionem
298 1187 407 1227 omnem
430 1169 555 1227 excludit.
599 1169 655 1226 Neo
677 1171 756 1227 aliter
777 1170 952 1227 vetustissimi
974 1170 1076 1245 quique
1099 1169 1202 1229 ranas
1223 1166 1239 1173 “

170 1270 233 1312 eum
254 1254 345 1313 locum
367 1255 538 1329 interpretati
560 1264 633 1319 sunt,
656 1263 688 1312 ut
709 1256 751 1312 rel
766 1255 918 1312 contrariae
933 1254 1069 1329 opinionis
1085 1252 1201 1328 patroni

166 1338 249 1396 datori
271 1348 422 1414 coguntur,
448 1340 497 1415 qui
518 1348 614 1396 contra
633 1339 716 1395 Mosis
739 1341 948 1406 authoritatem,
978 1356 1034 1395 non
1058 1342 1115 1405 40,
1146 1336 1202 1396 sud¹

173 1426 241 1482 130.
273 1424 361 1481 Thare
384 1442 455 1481 anno
478 1435 571 1480 natum
591 1423 778 1483 Patriareham
800 1425 926 1482 videntur
946 1440 1080 1481 asserere.
1112 1423 1202 1482 vita·

168 1508 224 1567 rint
245 1508 294 1575 ihi,
316 1527 397 1583 quarn
419 1518 494 1566 recte
517 1518 559 1567 tot
574 1511 757 1576 saeculorum,
781 1510 904 1583 adeoque
919 1511 972 1565 PP.
989 1509 1110 1565 omnium
1126 1525 1201 1566 con·

104 1618 117 1641 ο
168 1610 280 1671 sensum
303 1595 456 1669 repudiant.
482 1594 540 1650 ¹Nos
563 1611 632 1667 quae
654 1595 687 1651 ab
710 1595 762 1651 illis
784 1604 963 1669 opponuntur
977 1593 1045 1651 tanti
1061 1594 1201 1652 essancti

167 1679 313 1744 eredimus,
337 1688 369 1736 ut
391 1687 537 1753 propterea
558 1680 651 1736 lucere
673 1680 786 1736 meridie
807 1681 962 1753 negandum
984 1679 1029 1735 sit.

254 1764 308 1818 ianr
336 1781 399 1819 vero
429 1765 479 1820 hac
508 1764 534 1820 in
563 1765 770 1837 generationum
798 1765 981 1838 descriptione
1003 1780 1058 1819 non
1079 1763 1116 1820 ah
1138 1763 1201 1823 fle·

116 1845 267 1903 222hraicis
288 1846 369 1903 modo
386 1848 521 1913 fontibus,
545 1850 593 1904 sed
616 1850 696 1906 etiam
718 1851 814 1906 aLXX
829 1849 973 1907 Saniorum
989 1849 1120 1915 numeris,
1144 1865 1203 1906 cu·

168 1931 286 1988 iusmodi
307 1932 402 1989 hodie
410 1940 511 1997 extant,
526 1932 636 1989 aberrat
650 1934 826 2007 Epiphanius.
857 1934 931 1990 Dabo
947 1934 992 1991 hic
1007 1933 1202 1993 hebraeorum

169 2032 201 2072 ac
215 2015 393 2113 tirteoorum
404 2017 511 2082 seriem,
535 2027 567 2075 ut
588 2034 658 2091 quae
680 2018 849 2076 observanda
870 2029 934 2076 sunt
956 2019 1060 2076 facdius
1074 2019 1201 2095 quisquo

176 3480 1183 3692 eolligunturadhbra--

175 3596 477 3685 amiantumannidhd.
490 3600 542 3657 arni
557 3608 648 3656 ortum
664 3617 689 3655 a.
705 3601 793 3659 1172.
891 3678 894 3683 Ι
1144 3624 1154 3673 ,-
