2534 4154
475 288 763 340 miaaoraastoues.
1066 277 1128 339 ιιι

108 444 179 501 illud
202 451 245 499 est
265 443 372 516 dogma,
395 441 453 499 sine
477 442 530 499 olla
550 442 792 500 consubstantialis
815 443 952 501 mentione
968 445 1131 501 lliliaml’aL

112 531 148 587 ui
169 528 298 585 duntaxat
320 527 434 584 similem
456 545 518 584 esse
540 527 710 585 substantia‘l
741 529 895 602 ¹Nunquam
917 529 943 584 id
966 529 1130 602 Epiphanius

105 613 256 671 scriberet.
301 613 390 681 Quare
419 613 518 668 irustra
541 614 672 671 hactenus
696 631 789 670 omnes
818 613 939 669 arbitrati
973 625 1036 670 ιιιιιι
1065 616 1131 672 haec

114 698 257 773 Epiphanii
279 715 349 762 esse,
373 714 442 772 qraae
464 706 528 753 ιιιιιι
547 698 631 771 basilii
655 717 686 754 ac
701 699 938 754 Samiarianurum.
970 700 1046 767 Quod
1069 701 1132 775 quai-

106 785 174 841 -dom
197 791 250 839 tam
274 791 349 838 certu
372 800 386 837 a
408 783 487 838 nobis
510 783 749 848 demonstrabitur,
773 801 851 838 nemo
876 793 905 839 ιιι
921 784 1048 858 refragari
1064 804 1131 857 pos-

109 869 157 933 sit,
181 868 233 924 nisi
255 868 301 941 qui
323 867 434 922 meridie
456 867 548 924 lucere
571 877 661 939 neget.
692 869 776 941 lgitur
796 863 878 940 ‘capt
901 869 953 923 sub
968 869 1048 924 llirem
1064 871 1130 925 duas

112 970 143 1010 se
165 952 300 1026 Epistulas
331 951 464 1008 subiicere
487 954 645 1025 profitetur,
675 970 754 1008 unam
778 953 880 1016 basilii,
910 953 1020 1010 alteram
1045 954 1130 1010 basilii

110 1056 146 1095 ac
173 1037 281 1109 Georgii
315 1036 458 1093 Laodiceni
491 1047 715 1110 caeterorumque
749 1037 985 1093 Samiarianurum.
1030 1039 1131 1095 Harum

112 1123 189 1196 prior
209 1140 224 1176 a
247 1139 306 1194 cap.
324 1124 340 1177 ‘2
360 1122 391 1178 ad
413 1124 447 1178 12
471 1138 558 1195 usque
580 1122 741 1178 subtexitur.
772 1122 895 1178 Secunda
917 1123 990 1178 nulla
1013 1124 1062 1178 alia
1079 1132 1129 1185 est,

107 1206 166 1265 nisi
194 1224 262 1280 quae
290 1204 324 1261 ab
350 1207 403 1262 buc
425 1207 483 1280 ipsu
507 1209 614 1279 rapit
639 1207 765 1279 deinceps
788 1209 920 1280 sequitur.
965 1208 1044 1275 Quod
1066 1226 1131 1264 sane

104 1293 180 1349 -citra
209 1291 349 1364 ambagem
372 1308 479 1347 amnem
500 1292 696 1364 Epiphanius
690 1309 748 1364 ipse
770 1292 917 1364 significat,
946 1293 992 1364 qui
1014 1310 1073 1365 cap.
1092 1295 1129 1350 23

105 1385 176 1452 pust
199 1376 306 1477 longam
330 1376 401 1431 illam
424 1377 632 1448 disputationem
655 1394 669 1431 a
693 1392 750 1449 cap.
764 1379 799 1433 12
824 1377 1005 1449 propositam,
1029 1377 1064 1432 ita
1087 1378 1131 1433 lu—

110 1463 221 1535 quitur.
253 1444 343 1518 αὗται
373 1453 405 1516 ui
433 1457 588 1518 ἐπιστολαὶ
616 1455 825 1537 prereadypaov
852 1455 930 1534 πρὸς
956 1455 993 1519 τὸ
1021 1455 1130 1517 {idduae

105 1541 242 1604 dunecan
268 1547 330 1602 τῶν
358 1539 528 1622 φιλολόγων
551 1556 602 1601 ιιι.
647 1548 713 1602 Hae
732 1554 819 1619 porro
841 1546 988 1618 Epistulae
1010 1564 1038 1601 a
1050 1548 1130 1601 nobis

103 1633 158 1687 <bio
187 1639 312 1689 attentae
340 1640 404 1687 auat
433 1640 483 1686 eto.
528 1631 599 1703 Ergo
628 1625 720 1704 plures
749 1640 955 1688 antecesserunt
981 1631 1128 1704 Epistulae.

111 1718 250 1785 Quaenam
274 1725 363 1772 autem
387 1716 469 1772 altera
493 1725 543 1777 est,
567 1715 618 1773 nisi
638 1717 689 1782 illa,
713 1732 792 1789 quam
809 1717 931 1780 diximus,
955 1735 1025 1790 quae
1040 1735 1054 1771 a
1070 1734 1128 1789 cap.

105 1804 153 1860 v12
176 1801 209 1857 ad
234 1803 272 1858 23
303 1801 435 1857 exclusive
463 1799 638 1857 continetur?
682 1803 720 1856 lta
742 1802 864 1873 prolecto
887 1819 948 1858 sese
972 1819 1016 1861 ras
1038 1801 1128 1857 babet.

111 1886 295 1942 librariorum
319 1903 350 1942 ea
372 1886 449 1958 culpa
473 1886 532 1949 luit,
538 1886 606 1980 qui
627 1887 710 1960 priori
734 1887 881 1959 Epistulae
892 1887 1040 1959 Spnrrdicae
1063 1887 1131 1942 sub-

104 1971 255 2028 ¹scribenda
285 1972 352 2026 baec
382 1981 528 2070 putarunt
533 1972 637 2026 omnia:
668 1962 834 2047 ἐπιηρώθη
857 1974 920 2028 τῶν
940 1967 1008 2048 napi
1031 1967 1129 2028 Βασί-

102 2055 193 2113 astos
219 2074 268 2110 και
294 2048 358 2110 Γ
320 2073 445 2130 ιιιιογιον
472 2048 488 2112 ὁ
512 2047 795 2130 ὕπομνημαιισιιός
840 2057 917 2126 Quod
940 2076 1001 2113 essu
1024 2058 1128 2121 laisum,
1198 2060 1203 2066 ’

111 2159 197 2198 unum
226 2140 291 2196 illud
314 2152 474 2213 argumento
498 2151 553 2206 est,
583 2141 655 2236 quud
679 2160 732 2198 non
756 2160 770 2196 a
793 2143 909 2214 Georgia
932 2143 1064 2215 Synodica
1086 2143 1130 2196 illa

103 2227 213 2298 :scripta
237 2234 287 2288 est,
312 2228 359 2281 sed
382 2244 413 2281 eo
437 2227 559 2288 absente,
584 2228 697 2300 eiusque
719 2227 856 2283 literarum
881 2228 1022 2282 occasione
1045 2243 1059 2280 a
1079 2227 1130 2280 Ea-

106 2311 172 2369 silin
196 2328 227 2366 ac
250 2310 360 2383 reliquis
386 2315 506 2384 Ancyrae
529 2311 699 2383 corigregatis
723 2320 764 2366 cst
787 2312 865 2373 edita,
891 2319 920 2365 ιιι
935 2310 1009 2365 initio
1027 2319 1130 2365 testan-

110 2405 167 2452 tur.
205 2395 385 2463 Quamobrem
409 2396 444 2450 ita
467 2395 687 2466 distinguendum
710 2404 761 2458 est,
785 2387 960 2468 ἐπληρώθη.
993 2395 1049 2450 Hoc
1072 2403 1128 2448 est:

103 2481 259 2536 Hactenus
281 2480 412 2551 Epistula
434 2480 583 2550 Synodion.
628 2479 696 2534 Tum
719 2480 790 2552 qrrual
814 2479 946 2553 reliquum
971 2489 1012 2535 est
1034 2479 1129 2534 leunmi

102 2574 155 2623 „est
177 2566 317 2637 sequentis
347 2565 559 2628 rlissertatiuniS,
589 2565 651 2620 τῶν
677 2561 744 2638 napi
768 2559 931 2619 Βασίλειον
953 2559 1001 2619 aad
1025 2561 1054 2618 Γ
1052 2557 1129 2638 erdp-

111 2667 179 2726 prou
204 2642 222 2706 d
249 2642 541 2723 ὑπομνηματισμόςε
569 2649 673 2721 Basilii
700 2667 734 2703 ac
761 2648 875 2720 Georgii
899 2649 1128 2704 Commentariun.

111 2736 170 2792 Non
195 2736 266 2790 euim
289 2743 341 2790 lam
365 2745 406 2790 est
428 2735 547 2808 Epistula
575 2751 655 2807 quam
677 2735 738 2789 fidei
761 2735 872 2790 uberior
894 2736 1033 2807 expositio,
1068 2745 1180 2795 cumbra

110 2838 207 2891 eurum
232 2820 394 2884 narratione,
419 2837 487 2893 qliae
511 2820 536 2875 in
560 2838 625 2875 nova
642 2820 730 2874 Sirmii
753 2820 938 2893 cumponenda
957 2820 1070 2876 lormnla
1087 2820 1130 2875 in-

111 2913 156 2962 ter
178 2906 327 2969 Ursatium,
358 2906 494 2962 Valentem
517 2913 544 2960 et
565 2905 705 2968 basilium,
730 2906 875 2979 Georgium
898 2924 928 2961 ac
951 2906 1129 2962 Seruiarinnos

110 2989 233 3064 reliquos
256 2991 420 3065 aeacidarum.
451 2992 609 3063 Quanquam
632 2991 720 3062 potuit
743 2992 785 3046 bic
806 2991 864 3064 ipse
888 2989 1129 3045 Goinmentariolus

112 3075 249 3148 Epistulae
271 3076 356 3132 instar
379 3076 410 3131 ab
435 3075 615 3132 Orientalibus
632 3076 802 3132 Semiarianis
826 3077 857 3130 ad
873 3075 1040 3129 ariminense
1057 3073 1129 3128 Gun-

104 3160 203 3217 -cilium
227 3170 254 3216 et
277 3161 462 3217 occidentales
485 3161 632 3232 Episcopus
656 3161 733 3216 mitti.
770 3159 833 3214 Nam
857 3158 907 3213 snb
931 3159 999 3212 idem
1023 3166 1129 3230 tempus

102 3246 281 3319 perscriptus
304 3246 416 3309 videtur,
441 3263 495 3320 quo
514 3245 609 3300 Valens
632 3247 654 3301 ei
680 3244 808 3301 lormulae
831 3243 1003 3298 sulascribere
1026 3243 1058 3298 ab
1075 3244 1129 3298 lm-

111 3340 239 3406 peralore
263 3341 372 3387 coactus
396 3339 446 3394 est,
470 3348 539 3402 quae
562 3330 657 3386 Eilium
680 3348 729 3403 per
751 3334 838 3384 omnia
862 3328 948 3383 Patris
971 3345 1032 3383 esse
1055 3327 1130 3384 simi-

106 3416 166 3473 lem
189 3416 337 3480 asserebat,
361 3423 391 3470 ut
410 3433 442 3470 ex
457 3432 515 3487 cap.
535 3417 573 3472 22
595 3414 738 3476 constabit,
763 3413 795 3468 ad
811 3412 884 3487 quod
900 3412 1037 3476 nonnulla,
1062 3431 1129 3486 quae

112 3500 168 3559 buc
191 3503 336 3574 pertinent,
361 3500 539 3555 conferemus.
582 3499 668 3561 Virles,
693 3499 798 3561 Lector,
822 3498 914 3570 quanti
937 3499 1066 3554 momenti
1086 3517 1129 3554 res

103 3587 242 3661 temleri
265 3605 296 3643 ea
319 3584 506 3641 observatione
528 3591 675 3641 consecuta
697 3583 741 3648 sit,
765 3594 796 3639 ut
812 3582 1013 3640 Haereticururn
1036 3584 1130 3660 dispu-
