2534 4154
184 313 247 390 256
639 337 752 397 lurion
804 397 811 404 ,

262 486 413 570 νοῑαρίοις
433 485 676 563 τοῦ-Βασιλείου]
709 490 769 546 Cor.
784 484 944 565 βασιλέως.
973 489 1136 546 Habuerunt
1153 500 1194 546 ta-

177 597 238 636 men
267 578 294 632 in
319 577 442 633 Conciliis
467 585 493 632 et
515 576 641 649 Episcopi
663 577 783 631 notarios
806 593 886 640 sum,
915 583 996 648 atque
1018 575 1192 648 Exceptores,

177 681 207 720 ac
230 665 313 718 ferme
336 662 478 726 Diaconos,
502 670 533 717 nt
556 679 587 716 ex
604 661 727 718 Chalced.
746 660 827 718 Couc.
851 668 965 716 constat.
997 660 1050 716 Sed
1073 669 1102 716 et
1124 660 1194 732 apud

176 740 291 820 August.
314 746 396 803 libb
427 755 521 802 contra
550 747 687 801 Crescent.
711 763 768 818 cap.
787 748 825 803 29
854 747 880 800 in
904 745 977 800 Actis
1000 744 1193 801 Consularibus

178 832 228 888 sub
252 831 409 904 Zenophilo,
432 831 611 887 Nundinarius
634 831 732 886 Silvani
755 830 904 887 Cirthensis
926 829 1082 912 llonatistop
1097 830 1195 887 Diaco-

126 947 134 952 -’
177 935 230 974 nus
252 918 385 988 Exceptor
407 915 514 972 dicitnr.

346 1135 389 1190 Ab
413 1133 579 1191 HAERESIN
600 1134 688 1189 LXXll
711 1132 1027 1190 MARCELLIANORUM.
1063 1120 1066 1126 ’
1106 1096 1108 1100 ⁸

264 1254 323 1309 834
340 1269 363 1308 a.
388 1245 592 1330 Ἀντίγραφον
606 1248 774 1326 ἐπιστολῆς]
805 1251 892 1308 Edidit
914 1251 983 1306 hanc
1005 1251 1068 1307 fidei
1086 1251 1195 1324 profes-

178 1338 280 1393 sionem
300 1337 450 1402 Marcellus,
473 1347 616 1410 postquam
640 1337 672 1392 ab
687 1338 791 1392 Arianis
815 1337 878 1392 sede
901 1353 950 1391 sua
972 1337 1067 1410 pulsus
1084 1337 1194 1392 Romam

129 1458 131 1463 ·
177 1424 210 1479 ad
232 1423 327 1477 lulium
351 1423 450 1495 Papam
478 1422 613 1495 confugit,
643 1421 675 1477 ab
706 1440 793 1496 eoque
821 1438 875 1476 una
897 1438 959 1476 cum
980 1421 1127 1477 Athanasio
1151 1439 1196 1477 rc-

178 1509 289 1564 stitntus
312 1516 362 1562 est.
392 1507 455 1562 Vide
477 1506 593 1562 Annales
616 1507 711 1562 baron.
735 1524 759 1561 a.
778 1510 845 1565 341.
874 1505 925 1573 Qui
948 1506 981 1562 de
1003 1507 1056 1562 hoc
1078 1507 1139 1579 ipso
1161 1506 1196 1562 li-

176 1592 248 1648 bello
272 1591 385 1657 dubitat,
409 1591 468 1647 isne
490 1593 534 1656 sit,
558 1609 638 1664 quem
660 1592 727 1647 lnlio
750 1600 806 1647 tum
823 1590 930 1655 obtulit,
954 1608 1016 1647 cum
1030 1591 1057 1646 in
1074 1607 1107 1646 eo
1123 1591 1196 1647 nulla

176 1678 212 1733 sit
239 1678 295 1732 τοῦ
318 1669 483 1749 ὁμοουσιόυ
506 1677 618 1732 mentio.
663 1678 761 1732 Verum
784 1693 839 1731 non
862 1692 970 1748 semper
991 1676 1018 1731 in
1042 1675 1196 1732 Catholicae

176 1761 238 1817 fidei
260 1761 486 1825 Professionibos,
510 1762 606 1817 autin
629 1762 817 1817 convincendis
841 1761 998 1824 haereticis
1021 1761 1125 1816 recenti
1146 1760 1196 1816 ad-

177 1846 231 1900 lmc
263 1845 378 1900 Nicaeno
413 1846 546 1910 Concilio,
576 1855 679 1902 tessera
711 1847 755 1902 illa
788 1845 850 1901 fidei
877 1862 908 1901 ac
940 1848 995 1901 τοῦ
1029 1838 1195 1918 ὃμοουσίου

178 1930 249 1983 clara
272 1937 299 1983 et
321 1929 420 1984 diserta
444 1930 576 1985 confessio
600 1931 705 1986 solebat
728 1931 805 2002 exigi.
835 1930 963 2003 Exemplo
987 1931 1022 1985 sit
1044 1930 1146 1985 Ursacii
1168 1938 1195 1985 et

177 2013 296 2068 Valentis
318 2013 431 2069 Arianae
455 2014 576 2069 factionis
599 2015 751 2087 principum
772 2015 888 2080 libellus,
913 2032 993 2087 quem
1015 2014 1083 2070 lulio
1106 2015 1195 2088 Papae

178 2097 351 2163 obtulerunt,
381 2115 435 2172 quo
465 2107 492 2153 ct
520 2099 619 2154 erroris
648 2099 690 2153 sui
712 2102 815 2154 veniam
839 2099 974 2171 deprecati
995 2108 1060 2154 sunt
1082 2109 1110 2155 et
1132 2100 1194 2156 Ario

178 2183 303 2238 damnato
335 2183 498 2239 Catholicam
531 2182 611 2238 fidem
643 2183 769 2256 professi.
814 2185 891 2238 Extat
922 2184 992 2257 apud
1020 2185 1195 2242 Athanasium

178 2268 296 2341 Apott.
326 2268 355 2322 ln
379 2285 411 2323 eo
434 2285 497 2324 vero
520 2268 554 2323 de
576 2260 729 2346 ὃμοουσίῳ
752 2268 863 2324 verbum
885 2269 998 2325 nullum.
1029 2268 1095 2324 Nam
1118 2278 1147 2325 et
1168 2268 1196 2325 in

179 2352 297 2408 Concilio
313 2353 485 2427 Aquileiensi,
508 2353 537 2408 in
558 2369 612 2425 quo
636 2353 772 2409 adnitente
786 2353 929 2410 Ambrosio
945 2354 1078 2410 Palladius
1101 2364 1129 2410 et
1144 2353 1197 2410 Se·

177 2438 326 2493 cundianus
349 2437 474 2511 Episcopi
495 2438 613 2494 damnati
636 2447 714 2504 sunt,
744 2456 804 2494 cum
832 2447 888 2496 tam
910 2439 1031 2495 studiose
1053 2439 1080 2494 id
1103 2448 1197 2511 ageret

177 2521 344 2586 Ambrosius,
368 2532 399 2578 ut
420 2522 452 2578 ah
475 2524 507 2578 iis
529 2523 656 2579 indicium
679 2524 787 2596 aliquod
809 2524 921 2579 Arianae
944 2524 1120 2596 professionis
1144 2524 1196 2579 eli·

178 2615 266 2671 ceret,
296 2607 412 2679 ideoque
434 2609 512 2663 variis
534 2609 791 2680 interrogationibus
813 2609 973 2673 lacesseret,
997 2609 1098 2664 nnllam
1122 2607 1196 2664 Con-

178 2690 361 2746 substantialis
384 2693 548 2748 mentionem
571 2693 667 2765 attigit,
691 2692 740 2748 sed
761 2695 828 2749 haec
843 2703 947 2749 tantum
963 2693 1124 2758 communia,
1148 2710 1203 2762 ec-¹

179 2774 243 2846 quid
258 2774 340 2829 Eilius
362 2775 529 2842 immortalis,
552 2776 641 2832 bonus
664 2795 694 2833 ac
715 2795 794 2834 verns
818 2787 899 2842 esset,
922 2794 953 2834 ac
968 2778 1072 2851 reliqna
1086 2778 1195 2851 generis

127 2859 310 2916 tubeinsdem.
342 2859 491 2927 Quinetiam
514 2861 650 2916 Athanasii
667 2861 825 2935 Syriiholum
847 2880 908 2918 enm
931 2863 965 2918 sit
987 2862 1118 2935 quaedam
1133 2862 1195 2928 fidei

180 2943 316 3017 expositio
334 2943 367 2998 ab
390 2961 423 3000 eo
446 2945 525 3010 edita,
550 2946 595 3018 qui
618 2937 653 3002 τὸ
675 2939 838 3019 ὃμοούσιον
854 2948 983 3004 acerrime
998 2956 1193 3021 propugnaret,

180 3029 300 3086 eiusdem
323 3029 444 3085 vocabuli
465 3030 631 3085 mentionem
653 3032 751 3087 omisit.

265 3116 323 3172 837
342 3131 365 3170 c.
395 3107 455 3170 ὑπὸ
479 3110 511 3170 δὲ
534 3106 635 3169 ἄλλων
655 3109 757 3188 πάλιν]
802 3117 944 3189 Utcunque
972 3115 1049 3171 licuit
1078 3132 1111 3171 ex
1132 3132 1196 3170 eor-

178 3199 335 3272 ruptissimo
357 3198 418 3256 loco
441 3201 602 3255 sententiam
625 3201 786 3257 extudiinns.
817 3201 854 3256 lle
877 3202 1033 3265 bisantem,
1058 3217 1128 3272 quos
1144 3216 1196 3256 no·

179 3285 270 3350 minat,
294 3284 400 3350 Acacio,
423 3285 529 3350 Rasilio,
553 3285 678 3358 Georgio,
702 3302 733 3342 ac
755 3285 875 3360 reliquie,
902 3295 998 3359 agetur
1019 3285 1047 3339 in
1070 3283 1196 3358 sequenti

179 3368 288 3424 Haeresi
311 3368 444 3441 pluribus.

264 3455 324 3511 838
341 3471 365 3509 a.
396 3455 494 3511 ταῦτα
516 3446 577 3525 ,μὲν
599 3435 654 3506 οὖν
675 3445 725 3504 καὶ
748 3445 950 3525 τὰτοιαῦτα]
994 3452 1119 3507 Asterius
1143 3452 1196 3508 So·

178 3537 268 3608 phista
290 3536 465 3594 Christianam
494 3538 574 3593 fidem
602 3536 739 3608 amplexus
762 3538 890 3594 nonnulla
914 3537 1060 3610 scripserat
1082 3537 1195 3594 Arianae

178 3620 305 3694 perfidiae
328 3632 518 3680 consentanea.
564 3622 638 3691 Quae
660 3622 891 3680 oumrefutasset
912 3621 1063 3688 Marcellus,
1086 3622 1195 3698 longius

415 3708 426 3738 Ο
1035 3703 1040 3709 .
