2534 4154
134 335 194 403 ut
586 347 729 398 ιετιιιιιλ
762 351 766 355 ·

60 530 64 541 ·
131 508 164 564 ad
187 508 247 569 ah
269 507 351 562 Amos
372 505 410 561 ita
431 504 542 567 statuit,
566 503 650 557 heum
673 503 700 557 iu
722 500 788 557 illud
810 501 939 556 duntaxat
954 511 1064 574 tempus
1078 501 1156 557 cele-

132 592 233 649 hraudr
254 589 462 664 praescripsisse
483 587 623 652 sacrificia,
650 603 704 660 quo
728 587 887 658 promissam
910 596 1010 642 terram
1033 603 1156 660 occupa-

131 687 202 739 rent,
226 674 356 733 sedilios
379 692 429 730 nec
453 672 616 748 postulante,
640 688 692 728 nec
715 681 828 727 curante
844 672 908 736 heo,
931 671 959 726 in
983 671 1093 728 deserto
1110 672 1157 727 ni··

131 762 278 818 hilomiuus
300 759 442 816 obtulisse.

218 847 277 903 360
294 845 320 900 d.
350 836 553 920 μιταλλιύσῃ]
584 843 646 898 l'or.
668 834 853 918 μεταλλάξῃ.

218 928 322 988 3621ι.
343 921 443 1004 Ἔλεγ.
459 921 495 1002 aps
517 922 567 982 καὶ
590 920 649 981 ια’.
675 922 728 980 ἵνα
755 919 808 981 τὸν
833 920 1025 999 Ἐπιμενίδην
1054 920 1154 1004 δείξῃ]

131 1015 245 1072 Mithrae
267 1015 440 1071 Sacerdotem
463 1015 537 1068 hune
559 1012 640 1066 luisse
663 1011 757 1067 scribit
778 1010 959 1084 Epiphanius,
984 1011 1056 1083 quod
1081 1008 1156 1084 apud

132 1101 276 1156 Cretenses
298 1100 401 1156 Idolum
423 1098 514 1154 inierit
546 1097 624 1165 Quod
646 1096 718 1169 apud
740 1095 821 1150 alium
845 1113 899 1151 uon
922 1096 1029 1151 memini
1048 1095 1154 1168 legere,

131 1203 221 1258 neque
242 1202 336 1240 verum
358 1183 485 1240 arbitror.
527 1183 565 1237 lle
586 1180 726 1237 Proverhii
749 1180 821 1236 illius
837 1181 942 1254 origiue
963 1177 1085 1257 Κρῆτες
1108 1174 1156 1236 aiei

130 1271 274 1344 ψεῦσται,
296 1269 354 1326 vide
370 1270 497 1325 Photium
519 1268 550 1322 N.
571 1269 628 1324 190
651 1285 678 1339 p.
697 1267 768 1322 249.

217 1357 278 1414 374
295 1372 319 1410 a.
349 1348 518 1432 προσέθετο
542 1345 576 1407 δι’
598 1347 629 1407 ἐν
650 1352 693 1429 τῷ
716 1345 796 1429 ἰδίῳ]
829 1350 865 1404 lle
888 1348 1008 1423 Epistola
1031 1350 1064 1406 ad
1082 1351 1157 1408 hau·

131 1439 255 1498 dicenses
277 1449 402 1496 accurate
425 1441 543 1511 disputat
565 1437 661 1492 Baron.
685 1440 715 1490 Α.
734 1438 783 1493 60.

308 1659 350 1713 ΑΙ)
374 1656 540 1712 ttntntstlt
561 1657 638 1711 XLIV
659 1654 971 1711 APPELLEIANORUll.

218 1779 277 1834 380
294 1794 318 1832 a.
349 1777 385 1830 De
408 1775 501 1849 Apelle
530 1775 653 1831 meminit
681 1777 753 1831 inter
782 1775 849 1831 alios
872 1774 1003 1829 Paeianus
1026 1773 1154 1846 Epistl.
1190 1788 1195 1795 ·

133 1862 213 1916 Cuius
237 1869 264 1915 et
286 1859 461 1933 corrigendus
485 1860 576 1924 locu's,
607 1861 633 1915 in
658 1874 713 1933 quo
735 1858 905 1914 Marcionitas
928 1858 1153 1930 Apollinariaeus.

132 1945 315 2018 Cataphrygas
331 1954 359 2000 et
373 1945 532 2000 Novatianos
549 1954 683 2000 recenset.
715 1945 778 2016 heg.
795 1942 985 2016 Appelleianos
1002 1961 1052 2017 pro
1068 1945 1156 2017 Apol-

131 2029 266 2084 linaricos.

218 2116 279 2173 380
294 2114 321 2169 d.
351 2103 462 2192 ἑαυτῷ]
486 2113 551 2186 Lag.
575 2103 693 2186 ἑαυτήν.

335 2317 377 2374 ΑΙ]
401 2315 568 2373 HhEllESlN
591 2317 654 2372 XLV
678 2314 946 2371 suvantnnunun.

218 2439 277 2497 390
294 2456 318 2493 a.
355 2429 435 2494 ἀλλὰ
463 2431 513 2492 καὶ
542 2429 570 2491 οἱ
598 2428 774 2508 ἀπόστολοι]
819 2435 907 2491 Loaus
936 2443 1009 2490 extat
1037 2435 1064 2490 in
1094 2439 1149 2493 cl

133 2520 180 2578 l.l
208 2522 321 2578 Constit.

348 2675 391 2728 All
416 2674 582 2730 Haunusttt
604 2673 682 2728 XLVl
705 2670 931 2729 TthhNORUM.

218 2791 318 2849 3912.
349 2792 392 2867 τῷ
414 2784 474 2848 ἀπὸ
490 2788 692 2867 Σαμαρειτῶν
714 2787 756 2858 εἷς
766 2784 905 2866 Χριστὸν
926 2784 1151 2866 πεπιστευκότι]

132 2873 252 2945 Scaliger
267 2875 299 2930 ad
314 2875 422 2930 Euschii
439 2875 539 2932 Chron.
556 2879 586 2932 Α.
602 2879 693 2932 2157.
723 2876 820 2939 Errat,
844 2876 940 2949 inquit,
963 2877 1152 2949 Epiphaniae,

131 2960 180 3033 pai
208 2977 227 3015 a
248 2959 400 3017 Somanitis
428 2962 467 3015 ad
497 2960 672 3017 Christianos
701 2961 839 3015 lustinum
868 2963 1015 3017 transiisse
1043 2963 1150 3019 uendit.

133 3046 212 3101 Certe
234 3046 307 3101 enim
328 3045 484 3103 Samarites
506 3063 563 3100 αοιι
584 3054 661 3110 erat,
683 3048 733 3100 sed
754 3044 961 3102 Samarieusis:
990 3063 1153 3119 quanquam

108 3168 111 3174 ·
131 3139 158 3186 et
174 3130 332 3188 Samarites
354 3133 442 3194 danto,
465 3147 523 3186 uon
545 3131 681 3200 antiplona
704 3130 761 3184 dici
779 3137 881 3202 potest.
913 3131 1040 3187 Caussam
1063 3131 1150 3198 affert,

69 3252 72 3263 ·
131 3216 204 3290 quod
226 3216 456 3273 Samaritanorum
478 3215 637 3288 religionem
659 3215 768 3270 minime
791 3215 826 3270 sit
847 3224 968 3280 secutus,
995 3218 1043 3272 sed
1066 3217 1153 3273 Grae·

130 3318 226 3362 aarum
247 3301 436 3374 superstitioni
457 3300 614 3357 inhaeserit.
645 3300 707 3356 ldeo
730 3317 785 3355 uon
807 3318 870 3355 vere
885 3301 918 3356 da
934 3319 967 3357 eo
983 3302 1036 3358 dici
1050 3303 1151 3374 potuit,

130 3378 190 3439 ἀπὸ
213 3382 416 3463 Σαμαρειτῶν
437 3382 479 3453 εἷς
500 3379 638 3461 Χριστὸν
659 3379 900 3455 πεπιστευκέναι,
929 3387 978 3442 sed
1005 3379 1059 3464 ἀφ’
1081 3379 1152 3442 Ἓλ-

130 3463 236 3542 λήνωι.
280 3471 335 3527 Sad
357 3472 380 3528 si
402 3467 597 3549 Σαμαρείτης
619 3470 715 3535 domo,
739 3487 794 3526 nou
816 3471 963 3544 religione,
986 3471 1039 3527 dici
1060 3473 1152 3545 potuit

131 3553 265 3619 lustinus,
293 3572 343 3613 cur
370 3574 426 3613 uon
456 3549 515 3612 aiud
539 3552 741 3632 Σαμαρειτῶν
769 3556 916 3613 credidisse
945 3556 996 3612 dici
1018 3558 1150 3630 potuerit,

130 3653 187 3695 aon
207 3637 370 3706 video‚·hoc
390 3651 435 3698 est
457 3660 472 3698 a
494 3641 725 3713 Samaritanorum
745 3641 848 3716 populu
869 3657 901 3697 aa
921 3641 1039 3698 ciuitate.
