2534 4154
466 352 755 407 inininmnsonus.
1057 337 1121 400 οὔτ
1163 407 1172 424 p

103 506 234 584 progredi
256 515 285 562 et
306 505 334 561 in
349 504 527 561 sabellianam
542 504 680 560 Haeresim
702 505 853 561 desciscere
874 505 946 562 visus
964 514 1015 562 est.
1046 506 1122 575 Quae

103 594 195 651 omnia
218 591 404 664 copiosissime
426 589 510 647 hahes
531 589 558 644 in
580 590 677 645 donal.
699 590 853 646 Ecclesiast.
877 593 1007 663 exposita.

149 713 150 716 =
192 679 252 736 842
269 676 295 731 d.
326 671 376 730 καὶ
399 668 584 750 προστάτης]
627 675 810 746 Defensorem
836 676 1009 733 reddidimus.
1054 677 1122 735 Nam

104 763 270 821 Praesident
297 777 358 817 cum
382 760 509 815 Cornano
535 760 707 831 Interpretari
729 779 783 816 non
806 761 901 832 placet.
946 762 1008 817 Fuit
1029 771 1121 818 autern

105 849 239 905 Defensor
260 863 315 901 non
338 845 454 909 ordinis,
484 845 532 901 sed
553 844 632 899 oflicii
656 861 769 909 nomen,
794 847 865 917 quod
887 847 958 902 Iolci
980 847 1120 919 gerebant,

105 934 151 1006 qui
174 931 310 989 Ecclesiae
332 930 390 984 iura
411 929 439 984 in
461 929 529 985 cirili
551 929 611 984 loro
633 929 851 1002 propugnabant.
883 930 1029 988 Concilium
1045 933 1123 988 llile·

104 1018 224 1073 vitanum
254 1016 319 1072 Can.
332 1016 384 1071 16:
412 1014 526 1069 Placuit
552 1014 638 1068 etiarn
665 1022 695 1070 at
723 1022 837 1085 petatur
864 1032 882 1069 a
912 1018 1122 1086 plariasissirais

104 1102 336 1174 Imperatorihas,
357 1107 388 1154 att
409 1100 526 1155 iubeant
547 1099 687 1154 indicibus
709 1101 779 1154 dare
797 1103 901 1172 petitas
915 1103 971 1155 sihi
987 1101 1123 1173 Defensa-

103 1203 151 1243 res
173 1186 375 1247 Scholasticas,
399 1184 446 1254 qni
467 1185 498 1241 t'n
521 1190 586 1238 acta
607 1184 677 1248 siat,
700 1186 744 1239 ael
766 1186 796 1239 ia
817 1185 907 1254 officio
929 1186 1130 1256 defensionum*
1168 1207 1170 1216 ι

104 1287 274 1329 caussarum
294 1269 566 1332 Ecclesiasticaram,
591 1284 667 1323 mare
688 1268 871 1324 Sacerdotem
893 1270 1070 1334 Provinciae,
1092 1280 1124 1328 at

104 1359 189 1413 adem
211 1357 268 1428 ipsi
288 1361 340 1409 etc.
361 1354 486 1408 habeant
506 1353 671 1424 laenitatem
683 1354 794 1424 iaprcdi
808 1354 936 1410 Indicam
951 1355 1122 1411 Secretaria.

105 1441 227 1499 Meminit
249 1439 488 1511 nomenogius,
512 1439 621 1495 Canone
638 1441 665 1503 9,
690 1448 718 1494 et
732 1439 884 1494 Africanum
907 1440 1022 1498 Iomol
1050 1441 1130 1496 Con·⁸
1153 1501 1155 1505 ,

105 1527 230 1583 ciliorum
253 1524 317 1579 Can.
334 1525 373 1581 42
404 1531 431 1585 et
458 1522 521 1579 alibi
548 1523 656 1595 passini.
694 1524 816 1579 Zosimus
838 1525 966 1597 Episti:
996 1525 1073 1581 Sana
1093 1534 1124 1580 at

104 1611 275 1684 defensares
297 1608 450 1672 Ecclesiae,
474 1609 522 1679 qni
544 1624 579 1662 ea
595 1608 692 1663 Laicis
714 1611 793 1682 fiunt,
815 1626 905 1681 capra
927 1611 1005 1666 dicta
1025 1613 1125 1666 ohser-

103 1698 220 1752 oatr'oaa
240 1701 399 1757 οοοοααειιν,
422 1693 448 1747 si
469 1694 623 1748 meruerint
645 1709 704 1748 esse
720 1695 751 1748 t'n
766 1696 864 1751 arhor
880 1694 1044 1752 Clericatas.
1074 1687 1124 1750 ἕκ-

105 1777 192 1846 δικος
213 1797 228 1836 a
249 1779 359 1834 Craecis
380 1786 501 1833 vocatur.
531 1778 560 1833 In
584 1776 702 1834 Concilio
726 1779 887 1835 Chalcedon.
905 1780 968 1836 Can.
987 1783 1003 1837 2
1027 1797 1125 1836 recen-

105 1875 203 1923 sentur
225 1856 391 1935 οἰκονόμος,
415 1855 541 1932 ἔκδικος,
562 1853 801 1940 παραμονάριος.
845 1864 1026 1932 Quamobrem
1048 1883 1125 1941 apo-

104 1943 223 2024 στάτην
245 1948 360 2004 eundem
384 1964 444 2002 esse
466 1947 635 2019 suspicamur
657 1957 738 2020 alque
761 1942 888 2005 ἔκδικον.
931 1951 1048 2007 Tametsi
1064 1951 1125 2006 Bal-

105 2050 183 2100 samo
205 2035 238 2091 ad
259 2033 444 2088 Africanarum
466 2032 636 2104 Synodorum
660 2032 798 2098 Canaces,
829 2035 924 2106 quiin
947 2053 1029 2090 unum
1052 2035 1125 2090 misti

105 2127 181 2183 mint,
204 2118 237 2174 ad
260 2118 395 2176 Canonem
408 2119 457 2179 78,
481 2117 528 2188 qui
550 2127 592 2172 est
613 2117 685 2173 inter
699 2119 821 2175 Africana
838 2119 964 2183 Concilio,
988 2138 1057 2194 quae
1073 2119 1124 2177 suh

105 2204 261 2262 Caelestino
284 2212 311 2258 et
326 2202 461 2257 Boiiilacio
484 2201 617 2257 celebrata
639 2212 712 2267 sunt,
736 2205 957 2276 quadragesimus
979 2205 1123 2267 secundus,

106 2289 214 2346 dubitat
241 2297 333 2343 utrum
356 2287 518 2342 Defensores
542 2295 570 2344 et
592 2280 703 2342 ἔκδικοι
726 2298 788 2342 ante
811 2289 863 2342 hoc
886 2288 1029 2343 Conciliit
1018 2298 1126 2360 tempus

105 2375 155 2431 ulli
178 2373 287 2428 luerint.
317 2365 355 2427 ad
379 2365 411 2426 δὲ
433 2365 582 2472 γίνωσκε
579 2362 626 2425 ὃτι
648 2364 667 2444 ἡ
691 2364 776 2436 δόσις
797 2374 858 2427 τῶν
876 2366 1050 2441 ἒκδΗικων,
1033 2391 1051 2446 η
1075 2367 1125 2426 καὶ

106 2449 301 2558 δτφινσόριον
318 2449 515 2556 λεγομένοιν,
550 2447 607 2510 εἴτε
643 2449 704 2510 ἀπὸ
738 2457 795 2511 τοῦ
822 2450 974 2556 παρόντος
1001 2449 1127 2522 κανόνος

106 2537 198 2614 ἔλαβε
227 2535 283 2616 τὴν
310 2532 421 2616 ἀρχὴν,
450 2532 507 2594 εἴτε
537 2536 587 2594 καὶ
613 2533 805 2635 androtione
829 2534 1057 2616 διεγινώσκετο,
1086 2535 1123 2596 δι’

107 2624 255 2701 ἓπιλογῶν
282 2643 344 2682 ταιν
372 2641 594 2680 κατοικοανταιν
621 2615 751 2698 ἑκάστης
771 2616 921 2691 πόλεως
908 2644 1028 2701 ιγιν.ετο
1072 2627 1128 2683 Sed

108 2713 155 2769 din
177 2720 240 2768 ante
255 2711 418 2767 Defensores
441 2710 560 2765 extitisse
580 2709 720 2766 verisimile
737 2718 787 2775 est,
811 2711 975 2784 eosdemque
991 2705 1130 2790 προστά-

107 2814 165 2864 τας
185 2797 214 2852 in
235 2795 280 2852 illa
302 2795 502 2868 subscriptione
524 2795 665 2850 nominari.

285 3014 328 3069 nh
352 3014 519 3070 IIAIIRESIN
541 3013 641 3068 LXXIII
663 3013 948 3072 sunnntmuunun.

157 3171 159 3174 -
196 3133 256 3191 845
273 3149 296 3188 ο.
328 3127 379 3187 καὶ
401 3128 432 3187 Γ
430 3125 554 3207 οτόργιος
581 3123 811 3198 ὃΛαοδικείας
837 3134 891 3206 τῆς
916 3121 1128 3207 πρδςἈντιό-

104 3217 205 3292 χειαν]
237 3217 314 3272 Ηοοο
336 3216 426 3272 lacum
448 3219 584 3288 integrum
606 3233 661 3271 non
684 3234 744 3273 esse
767 3218 897 3289 suspicari
919 3216 1015 3287 ahquis
1030 3217 1127 3289 possit.

109 3303 176 3358 Nam
190 3303 321 3358 Laodicea
337 3303 429 3374 Syriae
452 3302 518 3356 nihil
538 3301 571 3356 ad
586 3301 716 3373 daphnen
731 3302 857 3373 pertinet.
887 3301 1029 3366 Antiochia
1045 3318 1127 3374 porro

110 3387 205 3461 Syriae
233 3397 314 3460 caput
342 3394 523 3457 cognomento
547 3381 594 3441 tut
615 3379 762 3461 Δάφνης,
792 3385 825 3440 ah
848 3387 1038 3441 amoenissimo
1061 3387 1130 3442 suh-

110 3472 200 3537 urhio,
225 3489 240 3526 a
261 3471 362 3527 latinis
386 3471 466 3527 etiam
486 3469 690 3542 Epidaphrces,
713 3480 744 3525 ut
765 3471 837 3542 apud
851 3470 919 3525 Plio.
938 3473 964 3534 5,
983 3472 1032 3528 25.
1077 3471 1130 3528 Ta·

111 3558 181 3614 citus
204 3556 223 3611 l.
241 3558 258 3613 2
281 3559 350 3612 dnn.
374 3555 411 3610 ait
440 3553 607 3610 Gemnaaico
629 3555 788 3626 sepulcrum
808 3553 974 3610 Antioohiae
996 3557 1131 3613 consita-

109 3650 184 3709 tant,
196 3641 256 3697 ¹ahi
269 3648 431 3706 ,crematam
454 3641 580 3703 tmdaaal
600 3639 805 3713 Epidaphnae,
832 3656 886 3714 pao
907 3641 939 3696 ia
960 3642 1132 3704 hinnitum
1176 3671 1180 3678 ·

164 3734 310 3790 EplplianIur.
335 3734 359 3778 V.
948 3733 977 3784 lt
