2534 4154
461 352 574 402 PElelll
593 351 763 401 utulenta).
852 353 855 358 ’
1037 354 1121 397 Lxltlx
1169 426 1172 431 ἡ
1221 368 1227 384 1

108 511 165 566 cios
184 509 335 581 postulare
355 508 401 563 cel
422 515 570 579 capaciore
593 508 708 570 debeas,
731 523 788 561 ooo
809 505 935 562 habebis.
979 507 1121 574 Haeccine,

107 611 223 668 quaeso,
253 593 285 648 de
308 591 450 665 Epiplranii
473 592 584 647 Panario
607 591 788 664 augustinum
811 590 951 648 scribere?
979 593 1121 658 affirmare,

106 693 174 754 opus
198 694 260 733 esse
282 676 422 751 perbreve,
447 685 473 731 et
496 677 517 731 si
540 677 566 730 in
589 693 672 731 unum
689 675 808 732 libellum
824 677 970 750 redigatur,
994 687 1047 733 tana
1064 696 1124 734 rne-

105 765 189 820 diocri
220 763 291 818 mole
319 772 347 818 et
369 761 543 834 amplitudine
566 759 708 815 liiturum‘l
735 778 835 832 negare
858 763 974 837 denique
997 763 1068 818 aliud
1090 764 1123 818 iis

105 850 127 905 in
150 849 240 912 libris,
264 857 372 920 praeter
394 846 541 918 simplicem
559 845 711 900 Haereseon
730 847 879 911 historiam,
904 849 962 903 sine
977 848 1029 902 ulla
1045 865 1125 903 men·

104 934 171 989 dacii
195 933 399 1004 oppugnatione
423 927 550 986 tractari?
575 931 654 1002 Atqui
679 938 706 984 et
729 930 857 985 uberrimi
880 941 944 987 sunt
967 933 999 987 de
1021 933 1125 989 Haere-

104 1019 180 1076 sibus
203 1015 345 1089 Epiphania
367 1015 438 1085 libri,
462 1024 490 1071 et
511 1015 638 1070 adversus
661 1015 780 1086 singulas
798 1015 857 1072 iuse
872 1027 1051 1090 accurateque
1067 1019 1125 1074 dis-

104 1113 195 1177 putat,
229 1118 279 1157 nec
301 1102 366 1156 illud
388 1101 477 1173 ipsum
500 1109 648 1172 postremo,
673 1100 745 1172 quod
768 1101 896 1155 omissum
913 1101 946 1156 ab
962 1103 1121 1175 Epiphanio,

105 1205 115 1243 a
138 1204 170 1243 se
193 1202 257 1242 vero
279 1187 378 1241 iactum
401 1186 433 1240 iri
455 1186 566 1249 dixerat,
590 1194 620 1239 ut
642 1186 769 1240 adversus
785 1185 904 1257 singulas
920 1187 1051 1243 Haereses
1068 1190 1125 1244 dis-

105 1281 220 1336 sereret,
244 1282 290 1326 aut
311 1271 338 1325 in
361 1271 406 1325 illo
429 1271 462 1325 de
486 1269 648 1324 llaeresibus
670 1269 777 1333 libello,
802 1278 847 1324 aut
870 1270 897 1324 in
920 1272 971 1326 alio
993 1274 1126 1345 Augusti-

106 1376 155 1413 nus
178 1358 238 1430 ipse
261 1356 405 1429 praestitit.
436 1355 505 1410 Nihil
530 1355 599 1409 enim
624 1364 731 1426 praeter
752 1363 887 1410 sectarum
910 1357 1029 1411 omniurn
1048 1375 1125 1413 sunr-

105 1458 173 1498 mam
205 1456 384 1513 errorumque
413 1440 499 1512 capita
529 1440 684 1513 complexus
709 1448 759 1496 est.
804 1439 882 1507 Quod
903 1451 1071 1512 postremum
1095 1452 1126 1498 ut

105 1528 310 1583 admirationem
333 1535 423 1598 stiget,
446 1526 482 1580 ita
504 1525 579 1597 prius
602 1525 667 1579 illud
684 1542 738 1580 non
753 1524 838 1580 levem
855 1526 1032 1597 suspitionem
1052 1527 1123 1591 iacit,

105 1611 247 1686 Epiphanii
264 1611 405 1666 Penatium
428 1613 525 1682 ipsum,
549 1626 673 1682 opusque
689 1609 816 1667 adversus
833 1610 962 1666 Haereses
979 1611 1124 1684 integrum,

106 1697 286 1770 burgastinunr
315 1695 451 1758 nondum,
480 1693 523 1749 illa
554 1711 614 1749 cum
638 1695 745 1767 scriptis
769 1696 911 1768 proderet,
935 1696 1047 1761 vidisse,
1077 1697 1125 1752 sed

106 1782 176 1838 iHius
201 1782 330 1836 duntaxat
344 1779 496 1852 Epitcmeu
520 1789 601 1851 atque
624 1780 744 1834 eiusdem
768 1780 889 1835 fortassis
905 1781 1126 1853 dnacephaleec-

106 1867 155 1930 sin,
180 1866 236 1921 sive
259 1865 420 1921 Bremenium
445 1881 476 1919 ex
499 1865 667 1936 singulorum
690 1865 834 1920 Tantorum
860 1874 886 1921 ct
904 1864 1057 1922 llueresecn
1081 1884 1126 1923 ar-

106 1951 242 2024 gumentis
267 1959 293 2005 et
315 1948 448 2021 capitibus
471 1949 624 2004 collectum.
656 1950 812 2022 Quianquam
835 1950 901 2005 illud
924 1952 1003 2006 etiam
1026 1969 1124 2016 movet,

107 2036 177 2109 qaod
206 2037 237 2090 io
265 2051 316 2090 ses
344 2036 431 2090 libros
453 2035 549 2089 asserit
571 2035 711 2107 Epiphauii
735 2053 803 2108 opus
827 2052 887 2091 esse
910 2038 1048 2109 partitum.
1094 2041 1127 2093 tt

107 2121 131 2177 ld
146 2137 229 2176 secus
245 2138 275 2175 se
291 2119 382 2175 babet.
413 2120 477 2174 Nam
500 2120 527 2175 iu
551 2129 606 2174 tres
628 2119 756 2176 (laniarat
778 2121 861 2176 libros
885 2121 1023 2177 tribuitur.
1055 2123 1125 2177 Libri

107 2221 201 2262 omnes
229 2206 256 2260 in
280 2214 368 2260 tomos
392 2214 506 2277 septem.
552 2204 640 2272 Quare
662 2205 727 2260 illud
750 2206 891 2278 dragustini
914 2207 1051 2278 singulare
1074 2216 1125 2268 est,

107 2290 179 2364 quod
206 2293 242 2346 57
260 2289 380 2352 Haeresi,
404 2305 483 2362 quarn
500 2289 695 2344 Psallianorum
718 2297 804 2350 vorat,
827 2290 1045 2345 llassalianorum
1062 2292 1127 2364 Epi-

107 2375 232 2448 pltunius,
256 2375 410 2430 subtexuit:
434 2375 557 2429 Proinde
577 2375 627 2429 iiie
649 2374 683 2428 de
705 2375 867 2444 oetoopioto
889 2375 1065 2430 dioecesibus
1083 2393 1127 2430 se·

104 2461 219 2534 paratis
240 2460 349 2530 viqiaii,
373 2475 443 2531 quos
467 2468 532 2514 onte
548 2459 661 2513 Domini
683 2459 834 2524 adveniam
856 2459 990 2524 astitisse,
1013 2462 1085 2515 sicut
1101 2460 1127 2515 ei

107 2544 198 2600 moin
221 2553 275 2608 esi,
299 2545 485 2616 compotavit,
507 2545 633 2615 reliquos
652 2550 717 2614 posi
739 2543 852 2597 Domini
867 2561 1021 2599 oscensem
1041 2555 1127 2602 notos

107 2631 266 2701 resopioto,
284 2630 455 2684 brevissimis
470 2630 551 2684 libais
567 2630 687 2700 quinque
702 2628 918 2700 comprehendit,
934 2637 1018 2701 cique
1034 2647 1127 2687 omnes

107 2716 137 2771 in
163 2730 216 2770 sea
244 2715 332 2770 libros
356 2717 439 2769 totius
462 2714 584 2768 aosoem
605 2714 650 2767 soi
672 2714 766 2785 operis
786 2714 854 2785 fecit
876 2717 1014 2771 concludi.
1060 2717 1127 2773 'ires

109 2799 135 2854 iu
162 2799 249 2856 libros
276 2799 418 2854 Panaciam
448 2813 528 2854 omne
563 2798 699 2853 dividitur.
744 2799 850 2854 Primus
879 2800 978 2855 Tatnos
1006 2803 1128 2858 continet

109 2891 179 2948 tres,
210 2900 326 2957 quorum
354 2884 381 2939 in
411 2884 502 2957 priore
528 2883 620 2956 viginti
649 2883 709 2939 illae
737 2893 801 2939 sant
825 2884 931 2941 Chaisto
961 2887 1127 2959 antiquiores

109 2969 251 3025 Haereses.
281 2970 357 3025 diter
379 2985 479 3032 saritur,
503 2985 572 3042 quae
595 2977 658 3042 post
681 2968 816 3024 Christum
840 2979 949 3026 exortae
971 2980 1044 3035 sunt,
1070 2980 1128 3025 tre·

109 3055 196 3110 decim
220 3053 331 3127 colligit.
362 3054 484 3109 Totidem
507 3062 673 3126 postremas.
704 3055 740 3108 llc
763 3054 786 3108 si
801 3053 931 3110 librorum
948 3056 1056 3110 nourine
1073 3054 1128 3109 'lo-

109 3155 167 3194 mos
189 3140 358 3212 Augustinus
380 3139 513 3211 intelligit,
538 3138 647 3211 dempto
669 3137 810 3210 superiore
833 3139 887 3201 illo,
912 3139 958 3212 qui
980 3139 1073 3210 viginti
1096 3153 1127 3193 ea

109 3222 273 3279 Haeresibus
296 3231 411 3288 constat,
435 3223 532 3295 reliqui
551 3239 598 3279 sex
614 3232 702 3286 erunt,
727 3239 780 3278 non
797 3231 911 3295 septem.
943 3222 1031 3291 Quare
1046 3223 1147 3279 suerit'

109 3308 180 3364 illius
204 3308 316 3381 Operis,
339 3309 393 3363 siae
415 3308 566 3382 Epitomes,
591 3308 641 3363 alia
663 3307 731 3362 ratio
754 3307 917 3379 partitioque
940 3324 1052 3363 necesse
1076 3317 1127 3373 est,

110 3394 184 3466 quod
208 3410 237 3449 se
260 3393 427 3466 Augustinus
450 3394 549 3466 legisse
572 3401 600 3448 et
621 3392 717 3448 imitari
740 3391 857 3446 voluisse
879 3391 1056 3449 demonstrat.

196 3478 252 3534 Sed
279 3495 293 3534 a
320 3478 423 3534 minuta
452 3478 495 3533 illa
525 3486 552 3532 et
579 3487 693 3551 angusta
722 3475 909 3547 disquisitione
931 3477 964 3531 ad
986 3476 1013 3532 id
1035 3479 1126 3544 redeo,

110 3564 183 3636 quod
206 3565 239 3620 de
262 3563 366 3618 Panarii
389 3562 622 3619 commendatione
650 3579 681 3616 ac
702 3562 792 3616 fructu
815 3561 952 3633 disputare
975 3579 1127 3637 coeperam.

111 3646 175 3704 Ham
199 3649 233 3705 ul
253 3649 335 3714 illud,
365 3648 398 3705 de
421 3645 643 3721 quotagebaur,
674 3643 826 3702 Catholicae
848 3645 986 3720 religionis
1008 3649 1129 3722 patroci-
