2534 4154
174 301 237 364 316
625 312 738 363 raram
819 322 821 328 ·

169 472 203 529 ab
222 470 360 545 Apostolis
382 469 433 526 toti
448 468 583 524 Ecclesiae
605 484 744 541 nunquam
760 484 827 524 esse
843 467 1050 540 praescriptum,
1074 468 1193 525 sanctis·

169 558 299 614 simorum
322 555 432 610 Petrum
460 569 611 609 consensus
639 553 806 626 approbavit.
832 552 907 608 ulia
930 560 972 608 est
992 551 1088 626 ignatii
1111 554 1190 620 ratio,

170 642 216 716 qni
239 640 272 696 ad
287 639 476 712 Philippenses
499 639 630 702 scribens,
653 655 709 693 non
731 637 875 693 universali
889 636 1054 694 Ecclesiae
1047 655 1107 694 rura
1123 655 1193 695 con-

170 725 296 789 stituens,
319 724 404 826 llpist.
418 727 435 780 4
459 723 510 779 ista
527 724 707 864 pronunciat·
732 715 763 778 εἰ
778 740 824 821 τις
845 716 1000 796 captanda,
1022 713 1042 796 ἢ
1065 715 1192 825 σάββα-

171 828 225 867 ιον
241 800 385 883 maceries,
400 798 542 883 πλὴνὸ
494 828 526 863 ιν
545 826 560 875 ς
573 798 746 879 σαββάτου,
757 823 846 873 οοιος
860 800 1115 904 Χριστοιιιάνος
1100 803 1191 864 εστίν.

75 891 80 900 ’
172 895 365 952 Graeculorum
386 910 451 949 vero
473 911 537 949 sane
560 892 735 949 intolerabilis
759 898 801 948 est
823 892 923 958 fastus,
947 893 1043 968 quiin
1066 892 1192 949 Pseudo·

171 979 274 1054 synodo
298 978 429 1035 Trullana
445 977 509 1033 Can.
528 981 566 1034 55
595 978 741 1033 Romanam
769 977 915 1033 Ecclesiam
945 977 1088 1042 damnant,
1119 966 1192 1052 quod

118 1066 222 1137 ³60per
244 1063 479 1136 Quadragesimam
501 1062 626 1118 Sabbatis
649 1063 809 1118 ieiunarent.
854 1063 934 1142 Atqui
957 1062 1084 1119 Socrates
1107 1063 1192 1119 librili

170 1166 194 1206 c.
212 1149 251 1205 22
275 1149 375 1203 Rornae
402 1147 496 1204 scribit
518 1147 678 1203 Sabbatis
671 1163 699 1202 in
722 1147 949 1220 Quailragesima
958 1148 1120 1203 ieiunatum
1135 1160 1191 1204 non

171 1251 241 1290 esse.
284 1233 338 1289 Sed
360 1233 486 1288 nimirum
509 1231 739 1288 hallucinatus
711 1240 761 1295 es‚t
785 1242 832 1288 aut
854 1234 887 1288 ad
909 1248 1002 1288 vocem
1015 1225 1087 1306 Ριο
1074 1251 1127 1313 ιη
1144 1234 1194 1289 ιιι-

169 1319 314 1374 iiciendum
337 1326 379 1374 est
400 1311 469 1396 νέᾳ,
492 1326 523 1373 ut
545 1311 615 1372 νέαν
632 1307 703 1389 ‘Polp
691 1335 754 1390 μην
775 1316 1038 1392 Constantinopolim
1061 1319 1190 1418 appellet.

170 1404 236 1459 Nam
266 1403 381 1458 subinde
410 1402 493 1458 relect
520 1404 583 1456 πᾶν
609 1394 811 1472 σάββατον
797 1420 829 1456 ιν
846 1394 917 1474 ‘Polp
905 1419 949 1480 μῃ
978 1394 1192 1476 concedendus.

170 1488 208 1544 lle
236 1488 381 1543 Sabbati
375 1487 475 1542 ieiunio
505 1494 595 1559 extant
625 1486 836 1541 Occidentalium
861 1487 1032 1560 Synodorum
1057 1487 1190 1552 (lenones,

170 1582 201 1628 ut
228 1572 385 1628 illiberitani
409 1573 448 1628 26
477 1581 505 1627 et
527 1555 684 1644 Agath.l2,
714 1587 766 1626 nec
793 1588 848 1627 non
878 1579 905 1627 et
933 1572 1084 1628 innocentii
1112 1575 1191 1648 primi

168 1658 279 1731 Epistl
307 1675 330 1713 c.
348 1661 376 1714 4.
421 1657 507 1725 Quem
536 1654 645 1728 quidem
674 1655 785 1712 ridicule
807 1656 951 1712 admodum
974 1656 1096 1730 Scaliger
1117 1658 1192 1715 lint

170 1743 203 1798 de
230 1742 341 1798 Emend.
365 1742 458 1814 'semp
487 1760 514 1815 p.
533 1743 590 1798 641
622 1740 715 1796 scribit
735 1741 859 1814 primum
887 1741 1006 1797 omnium
1040 1741 1194 1799 instituisse

170 1836 201 1882 ut
217 1826 335 1881 Sabbata
358 1827 536 1882 ieiunarctur.
566 1826 648 1893 Quasi
669 1841 733 1881 vero
756 1833 832 1881 tanto
855 1835 917 1882 ante
932 1827 1122 1883 Innocentium
1136 1822 1193 1884 non

169 1910 236 1966 illud
260 1911 445 1966 occidentales
467 1911 768 1982 consuetudine,'qnae
792 1911 888 1966 tacitae
910 1896 977 1985 legls
1001 1912 1086 1967 instar
1109 1922 1190 1977 esset,

170 1994 381 2050 observaverint.
426 1995 520 2068 Neque
542 2010 605 2051 vero
629 1994 802 2050 innocentius
824 2004 879 2051 tam
902 1998 935 2053 de
957 1996 1069 2052 Sabbati
1090 1997 1194 2054 ieiunio

171 2079 310 2153 praecepit
331 2095 412 2153 quam
434 2096 544 2134 caussas
567 2078 666 2142 attulit,
691 2095 740 2133 cur
765 2078 883 2136 Sabbato
906 2080 1080 2136 ieiunandum
1102 2081 1193 2165 'videa-¹

170 2173 225 2220 tur.
269 2163 310 2220 Ad
332 2172 498 2229 extremum,
522 2164 555 2220 de
577 2163 688 2219 Sabbati
710 2163 848 2237 religionis
870 2165 942 2221 inter
963 2165 1193 2224 Pseudodiataxes

170 2249 340 2322 Apostolicas
376 2258 448 2305 extat
475 2248 549 2305 Petri
577 2265 607 2304 ac
634 2249 711 2305 Pauli
738 2250 847 2305 nomine
876 2250 946 2306 edita
975 2251 1078 2306 sanctio
1109 2253 1155 2308 lib.
1174 2255 1191 2310 8

172 2351 196 2390 c
215 2336 263 2398 33,
294 2341 324 2388 ιιι
353 2351 385 2389 ιο
413 2336 459 2389 (ιιι
488 2348 522 2389 uc
544 2334 690 2389 Dominico
719 2335 795 2389 serui
816 2335 857 2390 ab
888 2352 972 2407 opere
998 2337 1099 2408 serrati
1127 2338 1191 2393 sint

172 2412 463 2494 εἰιγοιζιόθιοσιινζ
434 2436 483 2474 οι
481 2414 596 2474 δοῦλοι
623 2413 709 2475 πέντε
739 2411 869 2496 ημέριις·
900 2413 1063 2492 σάββατον
1084 2415 1121 2478 δὲ
1142 2416 1193 2477 καὶ

172 2497 320 2578 κυριακὴν
346 2498 619 2576 σχολαζέτωσιιν
606 2522 638 2559 ιν
665 2505 704 2582 τῇ
727 2499 879 2583 ἐκκλησία
892 2495 944 2559 διὰ
964 2498 1020 2580 τὴν
1041 2501 1193 2563 διδάσκοι

171 2582 241 2643 λίαν
261 2590 315 2662 τῆς
337 2581 501 2660 εὐσεβείας.
532 2588 590 2645 Hoc
611 2605 676 2644 vero
698 2605 836 2662 nunquam
859 2589 891 2646 ab
908 2590 1045 2662 Apostolis
1068 2602 1193 2647 manasse

172 2671 312 2728 decretum
335 2682 447 2746 apparet
469 2691 501 2729 en
523 2690 571 2739 eo,
589 2672 670 2748 qnod
690 2673 856 2730 laodicense
879 2672 981 2731 Concil
1005 2675 1069 2732 Can.
1082 2679 1127 2734 29
1151 2676 1193 2731 di-

172 2764 246 2811 serte
268 2764 340 2812 vetat
359 2757 480 2813 Sabbato
503 2759 606 2814 otiosos
617 2775 690 2898 gesse
713 2750 931 2815 Christianos‘
920 2749 968 2816 ότι
989 2753 1026 2815 οὗ
1051 2756 1103 2816 δεῖ
1112 2758 1193 2835 Χρι-

172 2835 315 2906 στιανοὺς
338 2833 529 2910 Ἰουδαΐζειν
527 2837 630 2898 noll
633 2859 715 2942 ντῳ
734 2837 886 2946 σαββάτῳ
908 2838 1081 2917 σχολάζειν,
1114 2838 1192 2901 ἀλλὰ

172 2919 354 3002 ἐργάζεσθαι
383 2917 496 3028 αὐτοὺς
524 2922 555 2982 ἓν
583 2929 621 3004 τῇ
650 2899 788 3005 αὐιῇι
755 2921 871 3028 ἢιιέριι,
901 2922 956 3004 τὴν
984 2924 1022 3003 δὴ
1045 2924 1194 3007 captanda

171 3011 398 3084 προτιμῶντας,
422 3029 448 3066 ιι
469 3028 501 3086 γε
523 2983 664 3067 δύναιντο
687 2985 903 3085 σχολάζειν,
882 3030 923 3080 ως
944 3010 1145 3114 Χριστιανοί
1167 3010 1193 3070 cl

172 3089 206 3151 δὲ
227 3087 381 3170 εὑρεθεῖεν
398 3088 626 3164 “Imtatbaat‘
616 3097 755 3153 ι’σιιοσοιν
776 3090 922 3172 ἀνάθεμα
943 3091 1028 3173 παρὰ
1053 3097 1192 3180 Χριστῷ.

172 3180 318 3236 llominicis
346 3181 541 3255 potiusquam
564 3180 688 3237 Sabbatis
710 3198 810 3239 vacare
817 3182 917 3246 iubet,
947 3192 973 3239 et
996 3184 1069 3240 addit
1091 3193 1191 3250 tamen,

172 3265 194 3320 si
222 3265 330 3321 illorum
359 3267 501 3322 commodo
524 3266 582 3321 lieri
604 3274 705 3338 potest.
740 3267 784 3322 tn
805 3266 927 3324 nondum
948 3267 1000 3324 illis
1022 3271 1192 3343 temporibus

171 3349 205 3404 ab
228 3350 302 3406 omni
323 3367 406 3424 opere
429 3351 538 3407 laniatos
561 3367 621 3406 esse
644 3351 752 3423 penitus
775 3353 953 3408 constitutum
969 3354 1060 3420 luerit,
1083 3355 1125 3415 uti
1140 3355 1194 3412 Zo-

172 3450 250 3490 naras
273 3443 301 3490 ct
322 3435 444 3491 llalsarno
467 3437 499 3492 ad
521 3436 596 3490 illum
620 3435 755 3491 Cononem
778 3437 917 3494 adnotant.
983 3453 985 3459 ’
1066 3451 1068 3455 ’

257 3513 313 3593 τὴν
334 3514 368 3575 δὲ
389 3513 650 3596 τεσσαρακοστήν]
680 3521 719 3577 Ad
743 3522 985 3596 Quadragesimalis
1007 3521 1101 3580 ieiunii
1124 3541 1191 3582 conb

173 3602 344 3660 suetudinem
370 3604 403 3660 ab
426 3605 629 3662 baereticorum
643 3605 785 3664 ‘calumnia
807 3607 1126 3684 vindicandaminsignis
1149 3610 1194 3666 liic
