2534 4154
161 297 222 362 lbtt
616 311 728 362 manvu

156 470 181 526 si
202 468 291 524 minor
311 467 355 522 hic
377 465 472 539 Cyclus
496 474 642 538 usurpatus
663 466 754 532 luerit,
778 466 860 523 horae
884 465 943 522 illae
967 469 985 523 4
1007 466 1185 539 appendicus¹

155 555 184 610 ιιι
205 553 287 608 finem
303 551 375 624 Cycli
396 552 512 606 reiectae
535 558 607 606 sunt.
638 552 731 625 ltaque
754 569 815 608 eum
837 559 901 625 post
915 551 1024 624 Cyelum
1039 552 1177 609 Lunarem

160 641 198 696 14
221 653 362 701 annorum,
386 636 420 691 dc
442 635 512 692 Solis
534 635 685 691 rationibus
707 637 828 709 quinque
850 636 917 700 dies,
941 636 1025 692 horae
1047 645 1112 693 octo
1130 653 1178 693 re·

156 723 246 795 liquae
275 721 378 785 forent,
408 721 529 796 quinque
558 721 614 776 dies
638 720 766 776 duntaxat
788 738 933 794 superesse
955 720 1007 777 sibi
1028 736 1180 794 persuaso-

157 815 235 871 rant,
265 806 363 879 quibus
392 806 550 869 reservatis,
579 814 642 877 post
665 805 760 878 Cyclas
783 806 902 862 minores
924 813 1030 862 sextum
1052 822 1179 863 mensem

157 892 274 948 solidum
296 890 499 946 intercalabant.
528 891 567 946 lta
590 890 646 946 dies
668 890 770 946 fiebant
793 893 905 949 30679.
948 890 1070 959 Quorum
1093 887 1179 949 olm·

156 971 266 1050 νομίαν
288 976 378 1049 Typus
399 975 444 1032 ille
467 983 545 1031 antea
567 976 724 1048 propositus
747 976 875 1032 ostendit.

241 1061 333 1117 Altera
354 1061 438 1126 ratio,
462 1061 484 1116 si
507 1060 627 1133 quinque
649 1060 706 1116 dies
728 1061 807 1116 solidi
829 1078 861 1116 ex
883 1061 957 1116 horis
981 1069 1043 1116 octo
1065 1059 1179 1119 connati

161 1148 198 1203 14
222 1147 297 1201 annis
320 1153 497 1218 arrogentur:
521 1162 590 1218 quae
612 1145 701 1200 omnia
723 1145 867 1218 diligenter
881 1145 965 1201 habes
981 1144 1113 1218 explicata
1128 1162 1179 1203 ou-

130 1231 258 1304 perius.
289 1229 339 1286 Ubi
361 1239 389 1286 et
411 1247 443 1286 ex
464 1239 579 1302 utraque
601 1230 729 1286 methodo
744 1224 886 1303 lipiphanii
901 1230 981 1286 verba
997 1231 1176 1288 correximus.

106 1318 151 1369 202
244 1318 345 1373 toea,
375 1318 430 1372 τοῦ
452 1307 657 1409 ὀγὸιιηκοστοῦ
678 1305 826 1390 τετάρτου
841 1308 940 1388 ἔτους]
963 1315 1084 1370 Mensem
1099 1315 1179 1373 utun

158 1400 332 1457 embolimum
357 1404 393 1458 31
425 1417 487 1455 cum
515 1400 542 1454 in
571 1399 625 1455 line
649 1402 688 1458 84
716 1399 779 1455 anni
801 1399 954 1456 intercalari
976 1399 1178 1465 debuerit,in

158 1486 297 1560 sequentis
314 1486 386 1558 Cycli
408 1485 525 1558 primum
547 1501 647 1540 annum
664 1484 768 1549 conici,
793 1486 873 1541 docet
887 1477 1063 1557 Epiphanius
1093 1485 1179 1559 Atqui

157 1570 423 1627 Tesseracaedecaet.
446 1578 601 1643 postremus
623 1586 709 1624 annus
732 1569 843 1642 proprio
864 1570 917 1625 iam
933 1569 1078 1625 embolimo
1094 1578 1180 1642 prad·

156 1656 229 1712 ditus
252 1664 302 1710 est.
334 1655 392 1710 lluo
414 1655 496 1727 igitur
511 1654 679 1711 embolimaei
694 1671 755 1710 sese
770 1656 891 1728 proxime
906 1664 1065 1727 sequentur.
1098 1653 1182 1723 Quod

157 1741 220 1797 olim
248 1739 348 1796 sactum
383 1756 444 1794 esse
472 1738 658 1795 Hebraeorum
686 1739 818 1796 Doctores
846 1749 981 1795 asserunt.
1026 1739 1083 1794 lmo
1112 1734 1188 1797 verti

156 1841 265 1881 menses
293 1824 345 1896 ipsi
375 1823 511 1879 embolimi
536 1824 589 1879 duo
603 1824 692 1884 ‚simul
712 1824 936 1888 inculcahuntur,
967 1833 1102 1896 eruntque
1126 1825 1181 1881 tria

156 1909 274 1964 Adarim.
305 1908 478 1964 Sed'tertius
501 1909 564 1963 anni
587 1911 625 1965 85
648 1909 755 1965 initium
772 1910 832 1973 erit,
856 1926 890 1964 ne
905 1910 927 1965 si
943 1909 1023 1965 Nisan
1039 1926 1090 1981 pro
1105 1909 1179 1969 hebr

157 1993 347 2058 substituatur,
370 1993 481 2065 Epocha
500 1993 603 2057 relicta,
629 1993 776 2049 Neomenia
797 1995 825 2049 in
847 1995 982 2050 anteriora
1003 1993 1090 2050 laxius
1113 2010 1179 2051 eva·-

156 2086 246 2150 getur.
283 2078 321 2134 De
343 2076 450 2133 duobus
474 2077 657 2134 embolimaeis
679 2079 801 2151 proxime
824 2079 1055 2152 consequentibus
1077 2079 1182 2143 latetur

156 2162 304 2236 Keplerus;
328 2162 474 2235 posterius,
498 2163 532 2219 de
547 2160 634 2217 tribus
649 2163 757 2218 Adarim
773 2163 854 2219 obiici
869 2173 968 2237 potest.
1000 2164 1052 2220 Sed
1067 2173 1182 2221 utrum-

157 2265 211 2321 que
240 2265 272 2303 er
293 2247 435 2304 Laterculo
464 2255 492 2303 et
519 2247 654 2320 superiori
677 2246 859 2322 disputatione
881 2249 1100 2305 commodissime
1121 2248 1184 2307 dio·

157 2333 280 2389 solvitur.
324 2333 390 2388 Nam
412 2333 484 2388 aliud
506 2342 548 2388 est
570 2333 882 2391 'lessaresdccaeteridas
905 2334 1019 2389 seorsim
1041 2351 1072 2390 ac
1096 2350 1184 2408 sepa·

157 2426 230 2474 ratas
253 2419 361 2483 intueri,
385 2418 457 2474 aliud
479 2419 505 2473 in
528 2418 629 2474 maiore
646 2418 726 2493 Cyclo
749 2428 824 2492 aptas
847 2419 960 2475 invicem
983 2428 1010 2474 et
1026 2427 1180 2477 consertae.

157 2502 274 2559 Minores
298 2503 370 2577 (lycii
398 2502 499 2576 singuli
525 2520 575 2576 per
603 2521 663 2560 sese
688 2506 705 2561 5
727 2521 836 2560 menses
860 2503 1020 2559 embolimos
1043 2504 1070 2559 in
1094 2506 1122 2568 3,
1148 2506 1180 2570 b,

159 2589 187 2651 8,
216 2591 262 2652 11,
289 2590 326 2645 14
349 2589 596 2661 annispostulant,
620 2589 717 2644 sedin
740 2585 868 2646 continua
889 2589 959 2645 serie
983 2597 1010 2645 et
1031 2588 1059 2644 in
1074 2589 1188 2647 maiore·

157 2670 239 2742 Cyclo
267 2689 324 2726 non
352 2689 460 2744 semper
491 2675 526 2730 14
555 2673 750 2730 embolimaeus
780 2682 831 2730 est.
876 2674 951 2729 Unde
984 2690 1073 2746 neque
1108 2674 1180 2733 duos

156 2755 265 2810 Adonim
288 2756 378 2828 exigit.
408 2757 565 2812 Postremus
587 2775 652 2814 vero
675 2758 762 2814 ultimi
783 2759 855 2832 Cycli
877 2776 973 2823 annus,
998 2758 1044 2831 qui
1067 2767 1111 2814 est
1127 2761 1182 2819 84.

156 2840 228 2895 Adar
250 2840 358 2914 quidem
380 2839 495 2896 alterum
517 2841 569 2897 sibi
590 2842 727 2907 vendicat,
758 2860 790 2900 eo
813 2845 887 2917 qnod
908 2844 1009 2900 mensis
1033 2843 1058 2899 ei
1081 2845 1119 2902 31
1144 2860 1183 2901 ox

157 2924 265 2998 Epactis
289 2925 430 2997 Cyelorum
452 2927 595 2989 accrescit,
619 2927 789 3002 proindeque
814 2932 830 2985 6
854 2928 1052 2985 Embolimaeos
1074 2927 1182 2987 natm

158 3009 255 3076 dehet,
278 3018 309 3065 ut
331 3027 393 3065 cum
416 3009 502 3066 Solari
524 3027 595 3066 anno
618 3021 758 3087 uteunque
780 3013 893 3069 Lunaris
916 3014 1092 3088 adaequetur.
1124 3013 1185 3073 Vh

157 3113 219 3152 rum
246 3095 346 3151 author
373 3104 416 3151 est
437 3094 605 3168 Epiphanius
633 3097 661 3152 iu
684 3099 723 3155 85
746 3115 846 3153 aunum
868 3116 989 3154 mensem
1018 3098 1093 3154 illum
1117 3116 1182 3157 ease

157 3181 278 3246 dilatum,
302 3181 349 3255 qui
370 3197 432 3236 cum
453 3197 548 3237 revera
569 3180 605 3236 sit
624 3182 703 3246 Adai,
731 3181 813 3238 Nisan
834 3201 849 3239 a
872 3184 992 3248 ludaeis,
1015 3191 1047 3240 ut
1068 3184 1180 3278 opinelu

158 3274 201 3322 est
223 3266 320 3322 iactus.
349 3266 414 3322 lmle
436 3266 547 3329 accedit,
571 3274 603 3322 ut
624 3266 762 3339 Epocham
784 3269 847 3324 anni
870 3269 912 3325 sni
933 3276 1182 3341 antevertendum

156 3351 186 3406 in
208 3351 304 3407 eodem
326 3367 397 3407 anno
419 3350 461 3406 bis
476 3350 579 3407 Pascha
601 3351 805 3410 celebraverint.
838 3354 917 3423 Quod
937 3354 1074 3410 uberrime
1096 3362 1183 3413 antu

157 3435 323 3491 declaratum
345 3445 396 3493 est.

243 3523 303 3579 449
320 3521 347 3577 b.
378 3517 485 3588 οἵτινες
506 3511 638 3598 ὤφειλον
659 3510 748 3596 εἶναι]
779 3524 905 3580 blondum
927 3524 971 3580 hic
994 3539 1054 3579 esse
1071 3531 1099 3578 et
1113 3522 1183 3598 qni-

157 3603 220 3659 dem
234 3605 333 3678 duplex
347 3606 488 3680 superiora
503 3607 569 3663 eatis
584 3609 742 3664 ostendunt.
772 3609 892 3666 Primum
906 3601 1071 3686 epidamno
1084 3610 1188 3682 μῆνις-
