2534 4154
479 339 518 388 au
536 339 728 390 annosarum
780 343 803 375 2¹1
1049 321 1112 387 838

94 506 175 566 posse
199 492 286 564 putat.
321 492 359 548 lle
382 510 437 567 quo
459 495 530 550 varie
552 511 567 549 a
588 494 714 551 Patribus
736 494 944 568 pronunciatum
968 504 1019 550 est.
1049 494 1114 553 vita

94 594 163 652 quae
186 577 327 641 Perrerius
349 587 496 634 austerae
518 581 617 636 caeteri
639 581 806 652 interpretes
828 579 862 634 ad
884 578 960 635 illum
975 580 1113 636 Geueseos

93 663 367 719 lorum-attuleruut.
415 684 418 690 ·
644 686 647 691 ’

184 750 221 804 60
239 765 263 803 a.
294 740 415 825 ὁρῶμεν
436 741 495 823 γὰρ
518 737 563 803 ὅτι
587 741 706 820 ἔλαβεν]
738 748 854 803 Eximius
872 748 916 804 hio
930 744 1007 805 locus
1024 757 1065 805 est
1080 748 1114 806 ad

94 831 225 887 homioioi
245 834 368 906 eorporis
388 833 563 889 astruendam
586 832 613 889 in
635 832 820 897 llueharistiae
834 833 1009 890 Sacramenta
1032 851 1114 906 prae·

95 917 225 974 sennam:
251 909 272 974 ai
292 909 352 994 γὰρ
371 911 420 991 μὴ
439 911 589 975 πιστεύων
601 907 683 973 ihm
706 910 800 974 αὐτὸν
819 908 985 990 ἀληθινὸν,
1007 911 1050 985 ὡς
1070 906 1115 974 el·

94 1020 163 1070 aar,
192 997 326 1059 ἐκπίπτει
352 1004 408 1076 τῆς
430 996 559 1078 χάριτος
584 997 712 1072 καὶ-τῆς
733 999 895 1079 σωτηρίας.
941 1003 1024 1060 Cuius
1048 1021 1114 1060 sen·

94 1086 198 1181 tantiae·
222 1087 273 1143 vim
300 1104 332 1143 ac
359 1087 468 1160 pondus
494 1087 618 1161 effugere
643 1096 786 1162 nequeunt
818 1086 965 1143 hodiernae
992 1090 1114 1146 lautores

94 1173 259 1333 merzig&
285 1248 306 1312 ,ὅ
330 1250 364 1312 δὲ
376 1218 580 1332 ’παράδεισος
603 1252 706 1332 φησιν,
729 1251 761 1314 ἐν
780 1249 886 1330 Ἐὃᾲι]
916 1257 991 1326 Quae
1010 1259 1044 1312 tle
1059 1258 1114 1314 Pa'·

94 1341 183 1397 radiso
210 1341 324 1399 Genesis
352 1341 464 1397 historia
492 1341 635 1414 prodiditt·
658 1342 804 1415 allegoriae
831 1342 1026 1414 interpretatus
1046 1351 1114 1398 erat
1201 1389 1204 1394 .

94 1426 241 1499 Origenes,
263 1425 491 1498 quemadmodum
512 1426 541 1481 in
563 1427 622 1482 eius
644 1427 756 1483 liseresi
777 1445 810 1483 ex
832 1425 1114 1485 hernosto-uectatus
1139 1444 1160 1455 ··

93 1521 150 1567 tum
173 1520 217 1567 ast
235 1510 372 1583 pluribus.
402 1511 439 1566 lta
461 1511 542 1567 etiam
565 1511 642 1568 Philo
664 1522 692 1568 et
714 1526 746 1568 er
768 1512 869 1569 nostris
884 1511 1044 1569 Ambrosius
1064 1509 1111 1569 tito

93 1597 127 1650 ‹le
149 1595 243 1651 Paratl.
267 1613 291 1651 a.
310 1599 337 1653 3.
368 1595 421 1650 Seu
444 1596 513 1651 haue
535 1597 659 1669 Origenis
682 1597 836 1669 opinionem
859 1596 939 1668 vulgo
955 1596 1048 1652 Patres
1069 1595 1113 1653 alii

93 1681 252 1754 repudiant,
283 1681 329 1753 qui
352 1679 507 1736 Paradisum
533 1698 626 1737 rerum
648 1681 764 1754 aliquem
786 1683 814 1737 in
836 1690 908 1737 turra
930 1680 1018 1737 locum
1043 1682 1113 1736 exti-

93 1765 160 1823 tisse
180 1774 303 1823 censent.
335 1765 452 1822 Tametsi
466 1764 521 1820 ubi
544 1766 652 1823 tandem
674 1766 719 1822 ille
736 1766 826 1830 luerit,
851 1783 945 1838 magna
962 1767 1033 1821 inter
1048 1783 1113 1822 eos·
1165 1782 1169 1790 ’

93 1853 154 1907 dem
184 1851 379 1907 sententiarum
406 1849 520 1907 sanetas
541 1850 608 1907 ⁴luit.
651 1851 706 1907 Sel
731 1867 747 1905 a
774 1850 973 1907 recentioribus
999 1851 1113 1907 eruditis

94 1936 263 2008 Geographis
290 1935 510 2007 disceptataiha
536 1936 661 2008 quaestio
689 1944 747 1997 est,
776 1952 807 1992 ao
829 1936 949 1993 Pararlisi
978 1935 1057 1992 sedes
1081 1952 1113 1993 aa

92 2020 174 2077 illusis
203 2020 385 2092 descriptione
409 2029 493 2077 reato
507 2029 665 2077 constituta.
708 2020 774 2076 llam
797 2031 915 2094 quatuor
937 2020 980 2076 illa
1002 2020 1113 2077 llumiua
1181 2022 1184 2026 ’

93 2115 120 2161 et
142 2122 174 2162 ax
197 2106 236 2162 eis
263 2104 434 2179 potissimum
450 2105 526 2169 aluo,
548 2105 712 2179 opinionum
734 2123 766 2162 ao
788 2115 1003 2163 oommentorum
1026 2106 1114 2162 licea.-

92 2191 156 2246 tiam
179 2196 316 2246 coercent.
462 2238 464 2242 ,
635 2180 638 2186 '

177 2263 275 2347 ὄνομα
303 2275 346 2352 τῷ
374 2264 418 2330 ἑνὶ
448 2267 594 2346 &arnmot
627 2275 736 2331 Mhillea
767 2275 829 2331 istie
857 2274 1026 2347 Geographia
1059 2284 1111 2330 est.

92 2360 197 2416 Phison·
216 2360 301 2423 mem,
323 2358 422 2431 iuquit.
448 2367 491 2415 est
513 2360 698 2432 cum-Gange,
722 2359 768 2432 qui
790 2358 871 2414 ludus
894 2376 908 2414 a
931 2359 1039 2415 Graecis
1063 2375 1136 2432 ap-r

91 2445 217 2518 pellatur.
247 2445 272 2500 ls
294 2444 424 2499 maiorem
439 2443 609 2516 Aethiopiam
631 2460 773 2515 permeans
796 2451 824 2499 et
844 2443 878 2498 ad
892 2446 1022 2500 Austrum
1044 2461 1114 2500 con-

92 2547 187 2587 versus
207 2529 236 2585 iu
259 2529 418 2585 Gaditanum
440 2528 577 2584 tinearum
598 2529 726 2601 erumpit.
757 2527 835 2597 Quod
857 2527 958 2585 Phison
981 2528 1016 2584 sit
1039 2528 1114 2583 Gan-

92 2631 156 2687 ges,
186 2614 305 2671 omnium
328 2631 416 2686 prope
437 2623 558 2669 veterum
581 2613 672 2686 opinio
694 2613 759 2677 luit,
786 2630 855 2687 quae
877 2623 919 2669 est
941 2613 999 2685 ipsa
1021 2622 1116 2670 umen

92 2700 201 2755 minime
223 2697 380 2773 probabilis.
411 2698 477 2754 Nam
499 2698 600 2754 Phison
624 2706 666 2754 est
688 2698 828 2770 Pasitigris
851 2707 879 2753 et
901 2697 987 2770 'lignis
1009 2697 1114 2755 alveus.

93 2785 186 2840 ludum
216 2801 287 2841 tero.
309 2801 379 2840 cum·
394 2783 485 2856 Gange
513 2783 735 2855 permiscerent
763 2783 879 2839 eundem
900 2784 928 2839 iu
952 2783 1112 2839 Gaditanum

93 2871 230 2925 Oceanum
251 2868 491 2941 perhethiopiam
512 2868 708 2925 eimunduotre
730 2868 809 2931 ulmis
832 2877 875 2925 est
895 2867 1053 2925 absurdum.

158 2957 219 3011 ¹¹60
234 2954 262 3011 d.
292 2948 430 3034 διαπερᾷ·
447 2947 488 3009 ul
510 2947 566 3026 τὴν
585 2944 721 3028 μεγάλην
741 2949 929 3025 Αἰθιοπίαν]
973 2952 1112 3026 Multiplex

92 3039 162 3112 apud
186 3039 313 3114 antiquos
336 3047 394 3094 erat
415 3039 567 3111 Aethiopia
612 3038 702 3096 Altera
725 3039 752 3095 ia
773 3039 835 3096 Asia
857 3038 891 3095 nu
913 3038 1023 3101 ludum,
1047 3037 1112 3101 sire,

92 3133 123 3181 ut
144 3124 202 3180 alii-
222 3124 333 3188 volum,
360 3120 482 3196 Gahgem
510 3122 641 3180 lluoiumt·
668 3123 752 3180 altora
780 3123 808 3179 iu
829 3123 932 3187 anim,
961 3121 1113 3196 eademque

92 3208 249 3266 Ptolemaeo
277 3207 390 3280 duplos:
420 3225 473 3265 una
499 3209 545 3265 oui
571 3211 625 3264 suli
649 3207 770 3280 Aapypto
797 3223 950 3280 oognomen
978 3205 1112 3272 attribuit

92 3294 176 3350 altera
196 3292 333 3351 interior..
351 3290 423 3349 llaee
444 3302 545 3357 nutem,
560 3310 639 3366 puae
661 3293 694 3349 ah
705 3293 857 3366 Epiphanio
876 3307 981 3362 murro
1003 3291 1111 3356 dieitur,

92 3394 229 3453 quamque
246 3377 352 3435 Phison
374 3377 533 3450 perlabitur.
556 3377 749 3434 inextricabilis
771 3386 822 3433 est.
853 3377 907 3433 Sed
921 3377 1046 3434 Asiauam
1068 3377 1117 3433 iu·-

92 3463 229 3520 telleaisse
251 3461 366 3518 videtur.
396 3461 461 3518 Nam
478 3466 600 3536 Aegypto
623 3462 771 3520 subiectam
794 3462 906 3519 alteram
927 3455 1043 3539 μικρὰν
1061 3478 1116 3536 ap·.

91 3549 199 3622 pellat·
216 3546 413 3607 Saetalrahiae
433 3564 496 3620 pars
514 3547 595 3613 Chaon
620 3548 672 3604 hoo
694 3556 745 3612 est,
768 3548 927 3620 Aethiopiae
949 3547 1068 3610 nomiae,
1084 3547 1112 3603 in

92 3635 178 3693 saeris
198 3632 289 3691 literis
305 3632 634 3706 eomprehendam-us.
649 3648 703 3707 qua
724 3632 831 3691 fortem
851 3632 1025 3707 arripiendus
1046 3631 1118 3708 Epi-s
