2534 4154
110 297 179 373 3152
525 324 528 329 ·
573 307 687 358 annam

80 485 83 492 ·
115 458 288 546 προειρήκει
310 458 521 531 ἐπιδείξασθαι
543 456 599 537 τὴν
621 463 736 519 καῦσιν.
780 462 819 517 hd
841 462 909 518 haec
931 463 992 537 quis
1015 463 1140 538 Scalige-

104 569 178 609 .rum
200 550 301 616 docuit,
326 549 364 607 15
387 548 481 605 luhani
502 548 619 614 mensis,
648 549 701 605 hoc
724 555 766 602 est
787 546 860 612 lulii,
890 565 945 604 non
968 557 1060 604 autem
1081 550 1140 605 Lu·

107 636 199 705 uaris,
224 634 393 708 olympiacos
414 634 475 690 illos
498 650 599 707 agones
622 634 655 689 de
677 649 753 689 more
773 630 925 690 celebratos
940 631 1022 688 esse‘l
1051 633 1139 703 Quam

116 721 185 778 haec
202 737 273 781 ‚vana
295 728 323 776 et
345 710 526 796 ἀνάρμοστα
548 718 602 774 sint
623 735 704 774 namo
726 733 782 772 non
799 716 881 772 videt.
911 717 990 773 Certe
1007 717 1139 775 Calvisius

118 806 302 880 Olympiadem
323 804 395 861 illam
418 805 478 862 236
501 803 617 877 Augusti
638 803 693 867 Xll,
707 819 770 876 *non
792 801 860 857 lulio
882 810 1019 875 peractam
1042 803 1140 860 existi-

117 898 182 948 rnat.
227 889 277 959 Qui
305 897 334 945 et
359 889 418 963 ipse
446 897 536 945 tamen
565 887 662 961 puerili
683 904 796 961 prorsus
820 903 913 943 errore
934 887 962 943 in
983 887 1029 944 illa
1051 888 1140 944 Pere-

117 975 188 1051 grini
215 975 329 1031 historia
356 990 417 1030 sese
439 973 571 1037 traduxit,
602 972 666 1028 dum
688 971 783 1028 scribit
803 971 981 1045 Peregrinum
1004 971 1140 1029 Christia-

107 1076 184 1129 ,num
207 1075 267 1116 esse
288 1059 388 1115 lactum
411 1075 481 1115 anno
498 1057 597 1113 Christi
611 1059 658 1121 73,
680 1057 784 1130 Olymp.
802 1058 872 1114 213.
902 1057 933 1112 lu
955 1074 1009 1130 quo
1025 1068 1138 1114 centum

117 1144 314 1218 propemodum
349 1143 426 1199 annis
460 1141 582 1198 aberrat:
615 1158 677 1197 nam
704 1141 844 1215 Peregrini
876 1159 950 1197 mors
983 1141 1078 1199 incidit
1108 1143 1139 1199 in

119 1229 223 1303 Olymp.
241 1231 318 1293 236,
348 1245 448 1292 annum
472 1227 572 1283 Christi
597 1228 665 1284 165.
711 1226 779 1282 Vixit
807 1234 897 1282 autem
919 1225 1033 1282 Herodis
1056 1226 1141 1284 Attici

117 1321 242 1387 tempore
270 1313 321 1369 sub
344 1313 378 1367 Μ.
393 1312 503 1368 Aurelio
524 1313 677 1375 Antonino,
707 1320 738 1367 ut
766 1327 798 1366 er
826 1310 991 1367 Philostrato
1020 1311 1075 1369 12
1104 1312 1141 1369 dc

117 1398 170 1455 vit.
193 1398 278 1474 Soph.
302 1398 330 1454 in
352 1397 459 1454 Herode
482 1396 632 1469 colligitur,
657 1412 707 1451 nco
729 1412 784 1451 non
808 1405 835 1452 et
858 1413 890 1451 ex
911 1396 1029 1453 Lucieno
1052 1397 1082 1453 in
1102 1396 1141 1455 it·

117 1483 170 1540 lius
191 1484 253 1540 vita.

203 1560 281 1624 κατὰ
300 1559 463 1642 Ἑβραίους
484 1557 689 1641 Μαρισουάν]
720 1565 887 1638 Epiphanius
911 1565 1009 1623 Christi
1031 1565 1142 1640 baptis-

117 1669 192 1709 mum
214 1653 334 1725 assignat
356 1651 380 1707 ei
403 1668 490 1716 anno,
520 1651 567 1725 qui
590 1650 665 1707 Coss.
688 1649 784 1706 habuit
806 1649 941 1706 Silvanum
963 1658 991 1707 et
1012 1651 1140 1720 Nervam,

118 1738 165 1814 qui
187 1747 229 1807 est
250 1737 369 1792 lulianus
394 1739 442 1800 73,
465 1735 609 1791 Novembri
631 1752 733 1799 mense,
761 1752 822 1790 cum
846 1736 884 1792 29
909 1753 1004 1801 annos,
1028 1754 1141 1794 meuses

121 1826 159 1880 to
182 1822 331 1894 implesset.
360 1820 531 1876 Novilunium
554 1820 677 1875 medium¹
695 1821 748 1875 hoc
770 1837 840 1877 anno
864 1820 956 1877 incidit
977 1821 1004 1876 in
1019 1821 1140 1888 Nouvl,

118 1906 194 1962 horis
216 1905 319 1979 aliquot
340 1913 403 1978 post
424 1905 530 1961 initium
552 1906 654 1970 noctis,
680 1904 760 1977 Cyclo
787 1908 833 1962 10.
863 1905 952 1973 Quare
975 1906 1141 1964 siNovem-

117 1990 174 2046 bris
197 1990 253 2045 dies
275 1989 331 2044 Vlll
353 1989 545 2046 Marchesuvan
568 1989 667 2045 ludaici
690 1989 746 2044 dies
769 1998 812 2045 est
834 1990 893 2054 Vll,
922 1991 1069 2048 Neomenia
1091 1993 1141 2049 lu-

107 2075 193 2131 ,daica
220 2074 280 2131 iniit
300 2074 366 2130 Nov.
390 2074 412 2129 ll
435 2081 462 2129 et
485 2073 505 2128 V
533 2074 625 2129 solidis
654 2073 750 2130 diebus
778 2065 949 2131 Novilunium
979 2078 1140 2135 antecessit.

108 2159 185 2217 llam
206 2159 313 2216 ludaico
334 2158 504 2215 Novilunium
532 2158 680 2231 quadrabat
708 2158 737 2215 in
758 2158 916 2216 Novembris
939 2161 999 2226 Vll,
1027 2161 1095 2218 feria
1115 2163 1138 2221 l.

70 2300 74 2315 ἱ
118 2244 173 2302 Sed
205 2261 260 2301 nnn
293 2254 377 2318 puto,
393 2252 494 2299 tantam
523 2242 556 2298 ab
586 2242 637 2299 illis
667 2243 861 2299 dissimulatam
890 2245 974 2301 fuisse
1002 2246 1141 2305 Lunarom

117 2321 295 2408 προήγησιν.
338 2329 373 2385 Ilt
395 2337 516 2393 erratum
536 2327 660 2384 fortassis
684 2337 740 2392 est,
764 2337 796 2384 ut
816 2346 867 2402 pro
890 2319 1025 2408 ἕβδόμῃ,
1047 2326 1140 2410 τρίτῃ

117 2414 160 2472 vel
183 2409 326 2496 δευτέρᾳ,
353 2414 395 2470 vel
418 2422 493 2471 carte
515 2406 646 2492 τετάρτῃ
668 2413 814 2487 legendum
837 2414 887 2479 sit,
910 2431 964 2487 quo
987 2416 1141 2474 tolerabilis

116 2499 280 2556 Neomeniae
302 2498 376 2555 labes
398 2499 592 2556 intercesserit.
624 2499 694 2567 Quin
716 2508 744 2555 et
759 2498 826 2554 alius
842 2505 978 2556 error'est
992 2501 1019 2556 iu
1034 2503 1142 2561 monus

118 2585 307 2658 appellatione.
351 2583 411 2644 Non
441 2585 511 2640 enim
534 2584 741 2648 Marchesuvan,
771 2584 820 2639 sed
843 2583 938 2640 Casleu
961 2602 1021 2642 esse
1044 2586 1140 2655 debet,

118 2669 142 2724 si
163 2667 244 2724 modo
266 2667 379 2735 lunaris
400 2668 445 2724 ille
468 2669 569 2724 mensis
591 2668 651 2724 fnit.
682 2667 760 2736 Quod
781 2668 891 2741 quidem
912 2669 971 2725 tieri
993 2686 1049 2727 uon
1072 2681 1142 2746 pot·
1171 2679 1178 2704 ³

104 2761 175 2818 est,
207 2752 230 2807 si
256 2752 363 2825 integer
384 2752 419 2806 sit
441 2752 484 2808 hic
506 2751 648 2824 Epiphanii
669 2752 746 2808 locus
769 2762 796 2809 et
817 2753 917 2810 ludaici
938 2755 1039 2813 mensis
1060 2765 1165 2824 sertor

105 2835 287 2905 No'vilunium
315 2836 488 2892 commissum
516 2836 607 2892 luerit.
652 2836 721 2904 Quid
748 2837 771 2892 si
797 2846 843 2893 aut
865 2839 955 2895 ludaei
977 2848 1043 2897 tunc
1065 2850 1140 2900 tem-

117 2920 207 2996 poris,
237 2929 284 2977 aut
304 2920 471 2994 Epiphanius
498 2920 557 2993 ipse
578 2920 748 2976 ludaicorum
776 2923 910 2978 mensium
938 2924 1069 2981 vocabula
1090 2927 1139 2984 lu·

107 3005 195 3075 ulianis
222 3004 365 3075 mensibus·
389 3002 535 3061 tribuerit?
577 3008 616 3062 Ac
643 3013 709 3062 tuno
732 3005 851 3062 October
873 3008 955 3074 Tisri,
985 3010 1140 3071 November

117 3091 310 3148 llarchasuvan
337 3089 428 3146 luerit.
472 3089 526 3146 Sed
554 3089 635 3145 huius
663 3090 702 3146 rei
733 3098 842 3163 praeter
863 3094 1047 3152 coniecturam
1069 3097 1138 3155 nint

106 3175 259 3235 habemus.
894 3220 897 3226 .
1121 3216 1125 3221 .

203 3265 263 3320 447
279 3260 307 3317 b.
337 3249 391 3318 τὸν
410 3250 468 3337 γὰρ
490 3259 614 3337 πρῶτον
635 3251 783 3333 ἐνιαυτόν]
807 3261 901 3318 Priore
915 3264 970 3337 τῆς
984 3257 1142 3341 κηρύξεως

105 3362 189 3414 ,anno
211 3346 347 3403 neminem
368 3345 538 3402 adversatum
560 3361 621 3401 esse
645 3344 752 3400 Christo
773 3364 863 3420 neque
885 3364 979 3404 verum
1001 3358 1058 3415 est,
1085 3367 1140 3409 na·

106 3446 185 3506 ,quet
200 3448 232 3487 ex
253 3430 409 3504 Epiphanii,
438 3431 480 3486 vel
507 3447 602 3487 eorum
626 3428 760 3496 omnium,
790 3434 837 3506 qui
860 3433 910 3489 tria
932 3433 1063 3490 duntaxat
1083 3435 1141 3491 Pa·

107 3514 211 3583 ,sabata
233 3525 385 3581 numerant,
409 3515 536 3588 opinione
559 3513 665 3570 delendi
685 3522 788 3587 potest,
811 3525 842 3573 ut
863 3518 897 3573 ad
919 3534 943 3574 c.
958 3520 997 3577 28
1020 3519 1141 3577 demon·

119 3598 257 3666 strabitur,
282 3600 328 3657 ubi
345 3617 414 3675 quae
429 3600 557 3667 hocloco
573 3598 700 3656 dicuntur
714 3597 869 3676 diligentius
885 3603 1045 3660 excudenda
1060 3614 1139 3664 sunt.
