2534 4154
467 322 756 373 xuinxomnsronns.
938 340 940 346 ·
1085 308 1123 368 17

111 480 179 552 genti
200 480 339 550 octoginta
362 486 479 550 quatuor
501 478 564 532 anni
585 476 748 543 tribuantur,
772 476 903 533 Eusebius
928 478 1052 550 AReges,
1070 495 1119 533 an·
1135 487 1159 534 ll

110 581 154 620 nos
183 565 240 620 162
264 562 400 636 expunxit.
445 563 512 617 Tum
539 562 596 617 aliis
619 578 728 617 rursum
750 563 827 618 annis
850 563 986 627 detractis,
1010 579 1042 618 eo
1066 563 1122 618 111-

108 649 194 704 culum
218 648 351 720 perduxit,
376 656 406 702 ut
428 647 500 702 mille
522 648 630 703 circiter
646 664 681 704 11
703 649 833 703 trecentis
856 648 932 702 annis
951 647 1121 720 Assyriorum

105 733 247 807 imperinm
276 731 510 788 circunscriberet.
551 731 629 800 Quod
652 749 684 787 eo
707 733 795 788 animo
818 733 914 788 secisse
936 740 1014 805 putat
1036 732 1123 788 Scali-

102 835 152 892 ger
172 828 205 874 ut
227 819 261 873 ad
283 819 436 873 institutum
459 834 538 872 suum
561 833 592 872 ac
613 806 770 892 πρόληψιν
795 817 899 890 Regum
922 817 1029 872 illorum
1050 826 1123 873 tem-

103 921 170 977 pora
192 898 333 975 dirigeret.
365 902 545 970 Quamobrem
568 901 690 956 immanis
706 902 750 957 hic
765 912 808 957 est
822 903 1050 958 Anaehronismus
1066 902 1124 957 Eu·

102 989 180 1049 sebii,
206 988 229 1042 si
252 987 389 1071 Scaligero
413 988 546 1052 creditur,
576 1003 607 1041 ex
630 1002 684 1059 quo
713 986 812 1042 lactum
845 995 888 1042 est
916 995 947 1042 ut
968 1003 1039 1042 anno
1062 987 1122 1042 Nini

104 1076 143 1130 43
172 1072 291 1127 natalem
313 1071 436 1126 Abraami
459 1073 596 1144 posuerit3
627 1088 687 1125 cum
710 1071 743 1125 ad
765 1071 874 1127 Reluehi
899 1074 935 1129 31
961 1072 1122 1128 reiiciendus

102 1158 198 1221 1111111,
230 1157 277 1230 qui
306 1167 348 1211 est
376 1175 390 1210 1
414 1157 614 1214 4301111111
638 1157 708 1212 259.
754 1156 808 1211 Sed
829 1156 969 1211 vanissima
992 1165 1034 1213 est
1056 1158 1124 1213 haec

102 1242 285 1314 Scaligeriana
312 1243 395 1307 ratio;
425 1259 457 1297 ex
486 1258 538 1315 qna
562 1240 760 1314 perabsurdum
782 1240 847 1296 illud
870 1243 1008 1313 sequitur,
1039 1243 1124 1314 Assy-

104 1327 207 1382 riorum
235 1343 330 1399 regum
359 1327 463 1382 initium
486 1335 548 1381 ante
571 1326 703 1382 lliluuium
726 1326 855 1382 extitisse.
900 1326 1027 1381 llundum
1051 1327 1123 1382 enim

103 1420 226 1468 creatum
255 1412 387 1467 existimat
414 1429 485 1467 anno
507 1412 568 1466 Per.
593 1411 641 1466 lul.
657 1414 726 1475 764,
751 1428 766 1465 1
788 1427 841 1485 quo
865 1411 898 1465 ad
921 1409 1124 1466 01111111Ν111-

105 1497 156 1553 lem
185 1496 394 1569 Dionysianum,
424 1497 471 1569 qui
498 1513 569 1551 anno
599 1496 720 1551 eiusdem
747 1495 855 1552 Periodi
878 1497 959 1553 4713
988 1496 1122 1560 convenit,

103 1582 166 1638 anni
188 1589 255 1636 sunt
278 1583 368 1638 3950.
399 1582 472 1636 ldem
494 1599 577 1654 porro
600 1581 772 1653 Sardanapali
793 1598 888 1636 necem
911 1588 938 1636 et
952 1581 1122 1653 Assyriorum

104 1665 184 1722 finem
208 1666 235 1720 in
259 1683 360 1721 annum
374 1667 483 1722 coniicit
497 1666 605 1722 Periodi
620 1666 668 1721 lul.
688 1667 778 1730 3810,
803 1666 849 1738 qui
865 1674 906 1721 est
921 1665 1014 1720 mundi
1031 1668 1122 1723 3077.

105 1751 209 1808 Rursus
225 1750 357 1806 lliluvium
380 1751 484 1816 accidit,
507 1762 538 1807 ut
559 1751 604 1806 ille
627 1759 713 1824 putat,
737 1768 807 1806 anno
830 1751 1032 1808 1111111657.
1057 1750 1124 1818 Qui-

105 1835 154 1892 bus
178 1837 212 1891 de
237 1838 317 1893 3077
342 1837 479 1902 detractis,
503 1836 600 1909 reliqui
622 1837 794 1893 1111111420.
825 1836 906 1908 Atqui
923 1845 1066 1909 regnatum
1083 1838 1144 1890 111Ι

105 1920 136 1976 ab
159 1921 277 1993 Assyriis
300 1937 384 1977 annos
413 1924 502 1979 1484.
539 1922 625 1994 Igitur
647 1938 717 1976 anno
740 1930 802 1976 ante
825 1920 958 1976 llilurium
982 1922 1020 1978 64
1044 1920 1123 1976 Relus

105 2006 248 2079 imperium
271 2005 343 2061 adiit.
374 2006 481 2061 Nullum
504 2007 548 2061 hic
562 2006 709 2078 Proleptici
727 2006 857 2080 temporis
873 2005 1018 2062 methodus
1034 2006 1124 2061 locum

107 2090 206 2146 habere
229 2099 334 2163 potest:
358 2089 405 2145 ubi
423 2091 552 2147 historica
567 2091 674 2156 veritas,
698 2108 729 2146 11
744 2108 869 2147 verorum
886 2107 990 2164 regum,
1014 2091 1124 2163 verique
1188 2094 1190 2102 ’

107 2175 213 2249 imperii
235 2184 340 2248 tempus
364 2176 522 2248 exquiritur.
569 2175 637 2244 Quid
662 2177 733 2231 enim
756 2175 877 2249 peccavit
898 2175 1046 2239 Eusebius,
1078 2175 1123 2246 qui

106 2277 152 2316 eos
181 2277 268 2314 annos
298 2261 403 2325 omisit,
434 2277 466 2316 ex
494 2260 593 2333 quibus
615 2260 789 2317 absurditatis
812 2268 917 2316 tanturn
940 2255 1126 2331 sequebatur?

105 2347 144 2400 An
166 2362 223 2400 non
241 2344 365 2409 Ctesiam,
389 2345 545 2409 Diodorum,
569 2345 635 2400 alios
659 2346 785 2419 denique,
809 2360 889 2419 quam
905 2344 1058 2399 Africanum
1075 2360 1131 2398 au-·

107 2431 199 2486 thores
223 2428 323 2485 habere
345 2431 447 2502 potuit,
477 2447 508 2485 ex
531 2429 629 2502 quibus
652 2446 795 2484 numerum
818 2429 893 2484 illum
915 2428 1018 2500 Regum
1041 2431 1126 2500 Assy-

106 2515 207 2571 riorum
231 2513 398 2570 conficeret?
442 2515 511 2570 Sane
535 2514 683 2578 Diodorus,
712 2530 793 2585 quem
816 2511 916 2568 Euseh.
940 2512 990 2569 l.1
1024 2512 1124 2569 Chron.
1218 2578 1224 2595 ἱ

107 2616 165 2673 pag.
185 2601 224 2657 29
241 2598 311 2654 Edit.
342 2600 459 2655 Graecae
475 2599 588 2672 profert,
612 2597 822 2670 Sardanapalum
839 2597 938 2654 allino
954 2598 1078 2672 quintum
1094 2614 1125 2655 11

107 2685 273 2740 tricesimum
295 2693 428 2740 numerat.
458 2684 497 2739 lta
519 2682 588 2738 fiunt
610 2683 706 2738 additis
728 2683 796 2738 Nino
819 2700 850 2739 11
872 2683 945 2748 Belo,
969 2682 1123 2756 Reges-37,

58 2753 66 2773 '
107 2777 173 2842 quot
194 2767 329 2824 Eusebius
352 2770 516 2842 percensuit
558 2768 635 2836 Quod
658 2768 681 2823 si
704 2776 821 2840 quatuor
843 2769 881 2823 illi
903 2767 991 2842 Reges
1014 2768 1126 2824 111011-

107 2852 180 2910 sebio
198 2853 392 2926 praetermissi,
407 2854 490 2910 nihilo
506 2854 595 2910 secius
611 2853 767 2909 intrudendi
782 2853 898 2918 fuerant,
910 2855 1041 2910 intererat
1057 2854 1124 2917 eius,

106 2939 151 3012 qui
179 2938 326 2994 ludibrium
353 2947 508 3004 vereretur,
539 2938 571 2994 de
598 2937 767 3012 singulorum
790 2940 885 2995 saltem
908 2939 1000 3010 spatiis
1023 2938 1125 3009 aliquot

105 3039 190 3079 annos
219 3023 369 3089 deducere,
400 3032 430 3078 ut
451 3025 623 3097 Assyriorum
652 3023 798 3097 primordia
826 3025 896 3080 intra
919 3023 1013 3078 lliluvii
1039 3030 1123 3076 metas

105 3109 320 3164 continerentur.
1223 3178 1225 3181 Ι

140 3218 143 3225 ’
190 3193 245 3248 Nos
268 3201 299 3247 ut
321 3192 506 3248 obscurissimi
527 3193 757 3265 vetustissimique
780 3192 885 3265 imperii
901 3190 1013 3262 vestigia
1028 3205 1124 3261 perse-

106 3293 231 3351 quamur,
255 3287 356 3334 certam
380 3279 511 3350 epocham
534 3277 693 3350 deligemus,
717 3277 751 3332 de
773 3294 826 3349 qua
843 3276 914 3349 apud
930 3290 1023 3330 omnes
1040 3273 1124 3329 ferme

107 3360 294 3436 Chronologos
316 3370 432 3418 constet.
473 3362 510 3416 Ra
532 3371 574 3418 est
598 3362 658 3435 Cyri
680 3379 711 3417 ac
732 3360 833 3416 Persici
855 3359 947 3432 regni:
971 3358 1048 3414 cuius
1070 3358 1124 3413 ini-

105 3446 172 3502 tium
206 3463 300 3503 omnes
332 3455 456 3503 statuunt
485 3447 589 3520 Olymp.
622 3449 660 3503 55
693 3463 763 3501 anno
792 3445 889 3518 primo.
935 3443 1030 3516 Coepit
1057 3444 1125 3499 11111

106 3531 251 3604 Olympias,
275 3543 306 3588 ut
328 3531 392 3587 alias
414 3532 582 3596 ostendetur,
607 3547 678 3586 anno
702 3531 762 3585 Per.
780 3529 829 3584 lul.
848 3531 939 3586 4154.
972 3529 1060 3596 Quare
1083 3529 1125 3585 vel
1221 3603 1222 3606 Ἴ

106 3616 159 3672 hoc
174 3617 234 3689 ipso
249 3633 336 3680 anno,
359 3617 401 3673 vel
415 3617 550 3692 sequenti,
573 3615 681 3672 labente
699 3614 802 3671 sedicet
817 3614 921 3688 Olymp.
938 3630 1010 3670 anno
1026 3615 1123 3687 primo,

156 3711 299 3765 Epiphanius.
325 3712 348 3754 l'.
648 3740 651 3745 .
955 3711 971 3762 2
