<?xml version="1.0" encoding="UTF-8"?>
<!DOCTYPE html PUBLIC "-//W3C//DTD XHTML 1.0 Transitional//EN"
    "http://www.w3.org/TR/xhtml1/DTD/xhtml1-transitional.dtd">
<html xmlns="http://www.w3.org/1999/xhtml" xml:lang="en" lang="en">
 <head>
  <title>
</title>
<meta http-equiv="Content-Type" content="text/html;charset=utf-8" />
  <meta name='ocr-system' content='tesseract 3.04.00' />
  <meta name='ocr-capabilities' content='ocr_page ocr_carea ocr_par ocr_line ocrx_word'/>
</head>
<body>
  <div class='ocr_page' id='page_1' title='image "./epiphaniiepisco00epipgoog_0291.png"; bbox 0 0 2534 4154; ppageno 0'>
   <div class='ocr_carea' id='block_1_1' title="bbox 155 279 726 353">
    <p class='ocr_par' dir='ltr' id='par_1_1' title="bbox 155 279 726 353">
     <span class='ocr_line' id='line_1_1' title="bbox 155 279 726 353; baseline 0 -12"><span class='ocrx_word' id='word_1_1' title='bbox 155 279 217 353; x_wconf 71' lang='grc'>186</span> <span class='ocrx_word' id='word_1_2' title='bbox 538 315 568 341; x_wconf 77' lang='grc'>;..</span> <span class='ocrx_word' id='word_1_3' title='bbox 611 289 726 341; x_wconf 77' lang='lat' dir='ltr'>mrim</span> 
     </span>
    </p>
   </div>
   <div class='ocr_carea' id='block_1_2' title="bbox 144 443 1192 3666">
    <p class='ocr_par' dir='ltr' id='par_1_2' title="bbox 153 443 1179 763">
     <span class='ocr_line' id='line_1_2' title="bbox 153 443 1179 522; baseline -0.005 -16"><span class='ocrx_word' id='word_1_4' title='bbox 153 449 204 514; x_wconf 86' lang='lat' dir='ltr'>Uhi</span> <span class='ocrx_word' id='word_1_5' title='bbox 219 448 390 522; x_wconf 80' lang='lat' dir='ltr'>negationem</span> <span class='ocrx_word' id='word_1_6' title='bbox 405 445 511 511; x_wconf 82' lang='lat' dir='ltr'><strong>deesse,</strong></span> <span class='ocrx_word' id='word_1_7' title='bbox 526 444 736 519; x_wconf 83' lang='lat' dir='ltr'>legendumque,</span> <span class='ocrx_word' id='word_1_8' title='bbox 750 453 775 503; x_wconf 90' lang='lat' dir='ltr'>et</span> <span class='ocrx_word' id='word_1_9' title='bbox 789 462 847 502; x_wconf 81' lang='lat' dir='ltr'>non</span> <span class='ocrx_word' id='word_1_10' title='bbox 858 443 1046 519; x_wconf 68' lang='lat' dir='ltr'>prohibentur</span> <span class='ocrx_word' id='word_1_11' title='bbox 1058 447 1179 512; x_wconf 79' lang='lat' dir='ltr'>nubere,</span> 
     </span>
     <span class='ocr_line' id='line_1_3' title="bbox 153 530 1179 609; baseline -0.003 -17"><span class='ocrx_word' id='word_1_12' title='bbox 153 543 298 609; x_wconf 73' lang='lat' dir='ltr'>eputextus</span> <span class='ocrx_word' id='word_1_13' title='bbox 327 532 385 605; x_wconf 89' lang='lat' dir='ltr'>ipse</span> <span class='ocrx_word' id='word_1_14' title='bbox 415 531 544 589; x_wconf 88' lang='lat' dir='ltr'>orationis</span> <span class='ocrx_word' id='word_1_15' title='bbox 571 530 680 599; x_wconf 85' lang='lat' dir='ltr'>iudicat.</span> <span class='ocrx_word' id='word_1_16' title='bbox 724 530 791 587; x_wconf 89' lang='lat' dir='ltr'>Nam</span> <span class='ocrx_word' id='word_1_17' title='bbox 805 532 836 589; x_wconf 83' lang='lat' dir='ltr'>si</span> <span class='ocrx_word' id='word_1_18' title='bbox 858 531 1040 604; x_wconf 89' lang='lat' dir='ltr'>prohibentur</span> <span class='ocrx_word' id='word_1_19' title='bbox 1057 531 1179 598; x_wconf 73' lang='lat' dir='ltr'>uerbere,</span> 
     </span>
     <span class='ocr_line' id='line_1_4' title="bbox 154 615 1181 690; baseline -0.004 -11"><span class='ocrx_word' id='word_1_20' title='bbox 154 637 224 679; x_wconf 88' lang='lat' dir='ltr'>uon.</span> <span class='ocrx_word' id='word_1_21' title='bbox 233 617 375 675; x_wconf 87' lang='lat' dir='ltr'>consilium</span> <span class='ocrx_word' id='word_1_22' title='bbox 398 615 430 672; x_wconf 92' lang='lat' dir='ltr'>ad</span> <span class='ocrx_word' id='word_1_23' title='bbox 452 615 512 673; x_wconf 89' lang='lat' dir='ltr'>illus</span> <span class='ocrx_word' id='word_1_24' title='bbox 535 616 713 683; x_wconf 78' lang='lat' dir='ltr'>coercendos,</span> <span class='ocrx_word' id='word_1_25' title='bbox 737 616 785 676; x_wconf 88' lang='lat' dir='ltr'>sed</span> <span class='ocrx_word' id='word_1_26' title='bbox 807 617 946 690; x_wconf 78' lang='lat' dir='ltr'>praecepti</span> <span class='ocrx_word' id='word_1_27' title='bbox 962 617 1113 674; x_wconf 69' lang='lat' dir='ltr'>necessitas</span> <span class='ocrx_word' id='word_1_28' title='bbox 1129 619 1181 675; x_wconf 83' lang='lat' dir='ltr'>ad-</span> 
     </span>
     <span class='ocr_line' id='line_1_5' title="bbox 154 703 391 763; baseline -0.018 0"><span class='ocrx_word' id='word_1_29' title='bbox 154 703 272 763; x_wconf 82' lang='lat' dir='ltr'>hihenda</span> <span class='ocrx_word' id='word_1_30' title='bbox 294 703 391 761; x_wconf 87' lang='lat' dir='ltr'>l&#39;.uerat</span> 
     </span>
    </p>

    <p class='ocr_par' dir='ltr' id='par_1_3' title="bbox 155 744 1181 1120">
     <span class='ocr_line' id='line_1_6' title="bbox 242 744 1181 863; baseline -0.005 -16"><span class='ocrx_word' id='word_1_31' title='bbox 242 790 344 847; x_wconf 78' lang='lat' dir='ltr'>ecco.</span> <span class='ocrx_word' id='word_1_32' title='bbox 374 777 494 863; x_wconf 72' lang='lat' dir='ltr'>oirydp</span> <span class='ocrx_word' id='word_1_33' title='bbox 518 744 856 862; x_wconf 78' lang='grc' dir='ltr'>φησ1ν,ὁιιι1σσαλος]</span> <span class='ocrx_word' id='word_1_34' title='bbox 900 758 1025 851; x_wconf 85' lang='lat' dir='ltr'>Mutatis,</span> <span class='ocrx_word' id='word_1_35' title='bbox 1054 794 1086 842; x_wconf 88' lang='lat' dir='ltr'>nt</span> <span class='ocrx_word' id='word_1_36' title='bbox 1108 786 1181 843; x_wconf 83' lang='lat' dir='ltr'>solet</span> 
     </span>
     <span class='ocr_line' id='line_1_7' title="bbox 155 870 1180 973; baseline -0.004 -41"><span class='ocrx_word' id='word_1_37' title='bbox 155 873 245 937; x_wconf 84' lang='lat' dir='ltr'>uerbis</span> <span class='ocrx_word' id='word_1_38' title='bbox 267 872 358 929; x_wconf 88' lang='lat' dir='ltr'>locum</span> <span class='ocrx_word' id='word_1_39' title='bbox 380 873 462 928; x_wconf 88' lang='lat' dir='ltr'>istum</span> <span class='ocrx_word' id='word_1_40' title='bbox 485 871 612 944; x_wconf 90' lang='lat' dir='ltr'>protulit,</span> <span class='ocrx_word' id='word_1_41' title='bbox 636 872 683 947; x_wconf 86' lang='lat' dir='ltr'>qni</span> <span class='ocrx_word' id='word_1_42' title='bbox 705 871 742 926; x_wconf 89' lang='lat' dir='ltr'>ita</span> <span class='ocrx_word' id='word_1_43' title='bbox 763 870 867 930; x_wconf 80' lang='lat' dir='ltr'>Eccles.</span> <span class='ocrx_word' id='word_1_44' title='bbox 885 873 922 929; x_wconf 84' lang='lat'>27</span> <span class='ocrx_word' id='word_1_45' title='bbox 946 880 1098 973; x_wconf 73' lang='lat' dir='ltr'>conseptus</span> <span class='ocrx_word' id='word_1_46' title='bbox 1121 881 1180 928; x_wconf 85' lang='lat' dir='ltr'>est:</span> 
     </span>
     <span class='ocr_line' id='line_1_8' title="bbox 156 947 1183 1034; baseline -0.002 -19"><span class='ocrx_word' id='word_1_47' title='bbox 156 950 228 1031; x_wconf 78' lang='lat' dir='ltr'>drop</span> <span class='ocrx_word' id='word_1_48' title='bbox 230 952 310 1014; x_wconf 76' lang='grc' dir='ltr'>ιὲσιιν</span> <span class='ocrx_word' id='word_1_49' title='bbox 332 948 385 1034; x_wconf 69' lang='lat' dir='ltr'>cipp</span> <span class='ocrx_word' id='word_1_50' title='bbox 372 957 440 1030; x_wconf 84' lang='grc' dir='ltr'>μῶν</span> <span class='ocrx_word' id='word_1_51' title='bbox 462 951 590 1011; x_wconf 66' lang='grc' dir='ltr'>λιθίνων</span> <span class='ocrx_word' id='word_1_52' title='bbox 604 949 777 1032; x_wconf 76' lang='grc' dir='ltr'>παγήσεται</span> <span class='ocrx_word' id='word_1_53' title='bbox 797 947 966 1023; x_wconf 61' lang='lat' dir='ltr'>odoratae,</span> <span class='ocrx_word' id='word_1_54' title='bbox 990 975 1041 1012; x_wconf 87' lang='grc' dir='ltr'>και</span> <span class='ocrx_word' id='word_1_55' title='bbox 1033 949 1183 1029; x_wconf 73' lang='grc' dir='ltr'>ἀναμί-</span> 
     </span>
     <span class='ocr_line' id='line_1_9' title="bbox 156 1031 1073 1144; baseline -0.006 -43"><span class='ocrx_word' id='word_1_56' title='bbox 156 1059 212 1102; x_wconf 88' lang='grc' dir='ltr'>σσν</span> <span class='ocrx_word' id='word_1_57' title='bbox 233 1038 374 1120; x_wconf 80' lang='grc' dir='ltr'><em>πράσεως</em></span> <span class='ocrx_word' id='word_1_58' title='bbox 395 1035 445 1097; x_wconf 79' lang='grc' dir='ltr'>καὶ</span> <span class='ocrx_word' id='word_1_59' title='bbox 468 1031 648 1116; x_wconf 77' lang='grc' dir='ltr'>ἄγυρασμοῦ</span> <span class='ocrx_word' id='word_1_60' title='bbox 668 1034 943 1143; x_wconf 71' lang='grc' dir='ltr'>συντριβήσεταιί</span> <span class='ocrx_word' id='word_1_61' title='bbox 926 1061 959 1114; x_wconf 77' lang='grc' dir='ltr'>αι</span> <span class='ocrx_word' id='word_1_62' title='bbox 937 1035 1073 1144; x_wconf 61' lang='lat' dir='ltr'>³proprior.</span> 
     </span>
    </p>

    <p class='ocr_par' dir='ltr' id='par_1_4' title="bbox 157 1117 1183 1358">
     <span class='ocr_line' id='line_1_10' title="bbox 167 1117 1183 1205; baseline -0.006 -15.994"><span class='ocrx_word' id='word_1_63' title='bbox 167 1172 172 1203; x_wconf 60' lang='lat'><em>2</em></span> <span class='ocrx_word' id='word_1_64' title='bbox 246 1131 346 1187; x_wconf 74' lang='lat'>5010.</span> <span class='ocrx_word' id='word_1_65' title='bbox 377 1117 456 1183; x_wconf 69' lang='lat' dir='ltr'>etto</span> <span class='ocrx_word' id='word_1_66' title='bbox 484 1121 535 1181; x_wconf 81' lang='grc' dir='ltr'>καὶ</span> <span class='ocrx_word' id='word_1_67' title='bbox 563 1121 594 1182; x_wconf 76' lang='grc' dir='ltr'>ἓν</span> <span class='ocrx_word' id='word_1_68' title='bbox 620 1127 659 1205; x_wconf 80' lang='grc' dir='ltr'>τῇ</span> <span class='ocrx_word' id='word_1_69' title='bbox 679 1118 799 1204; x_wconf 80' lang='grc' dir='ltr'><strong><em>πρώτῃ]</em></strong></span> <span class='ocrx_word' id='word_1_70' title='bbox 826 1127 908 1183; x_wconf 79' lang='lat' dir='ltr'>For</span> <span class='ocrx_word' id='word_1_71' title='bbox 932 1121 980 1190; x_wconf 77' lang='grc' dir='ltr'>ἐπὶ</span> <span class='ocrx_word' id='word_1_72' title='bbox 1002 1126 1040 1204; x_wconf 78' lang='grc' dir='ltr'>τῇ</span> <span class='ocrx_word' id='word_1_73' title='bbox 1061 1118 1183 1202; x_wconf 76' lang='grc' dir='ltr'>πρώτη.</span> 
     </span>
     <span class='ocr_line' id='line_1_11' title="bbox 157 1192 1184 1285; baseline -0.003 -13"><span class='ocrx_word' id='word_1_74' title='bbox 157 1192 223 1273; x_wconf 75' lang='lat' dir='ltr'>llam</span> <span class='ocrx_word' id='word_1_75' title='bbox 246 1231 277 1270; x_wconf 89' lang='lat' dir='ltr'>ea</span> <span class='ocrx_word' id='word_1_76' title='bbox 300 1212 464 1276; x_wconf 87' lang='lat' dir='ltr'>coniectura,</span> <span class='ocrx_word' id='word_1_77' title='bbox 489 1228 559 1285; x_wconf 90' lang='lat' dir='ltr'>quae</span> <span class='ocrx_word' id='word_1_78' title='bbox 582 1221 624 1268; x_wconf 91' lang='lat' dir='ltr'>est</span> <span class='ocrx_word' id='word_1_79' title='bbox 646 1211 680 1268; x_wconf 91' lang='lat' dir='ltr'>ad</span> <span class='ocrx_word' id='word_1_80' title='bbox 701 1212 859 1285; x_wconf 82' lang='lat' dir='ltr'>marginem,</span> <span class='ocrx_word' id='word_1_81' title='bbox 883 1229 915 1268; x_wconf 86' lang='lat' dir='ltr'>ex</span> <span class='ocrx_word' id='word_1_82' title='bbox 931 1211 1106 1285; x_wconf 72' lang='lat' dir='ltr'>Tppograplri</span> <span class='ocrx_word' id='word_1_83' title='bbox 1121 1211 1184 1269; x_wconf 87' lang='lat' dir='ltr'>hal·</span> 
     </span>
     <span class='ocr_line' id='line_1_12' title="bbox 157 1295 656 1358; baseline -0.016 0"><span class='ocrx_word' id='word_1_84' title='bbox 157 1299 322 1358; x_wconf 79' lang='lat' dir='ltr'>lucidatione</span> <span class='ocrx_word' id='word_1_85' title='bbox 345 1295 461 1355; x_wconf 83' lang='lat' dir='ltr'>conflata</span> <span class='ocrx_word' id='word_1_86' title='bbox 482 1305 534 1357; x_wconf 83' lang='lat' dir='ltr'>est</span> <span class='ocrx_word' id='word_1_87' title='bbox 652 1350 656 1356; x_wconf 69' lang='grc'>,</span> 
     </span>
    </p>

    <p class='ocr_par' dir='ltr' id='par_1_5' title="bbox 144 1371 1192 3666">
     <span class='ocr_line' id='line_1_13' title="bbox 247 1371 1185 1459; baseline -0.005 -18"><span class='ocrx_word' id='word_1_88' title='bbox 247 1385 305 1442; x_wconf 83' lang='grc'>502</span> <span class='ocrx_word' id='word_1_89' title='bbox 323 1383 348 1440; x_wconf 87' lang='grc'>0.</span> <span class='ocrx_word' id='word_1_90' title='bbox 380 1373 422 1448; x_wconf 80' lang='grc' dir='ltr'>ὡς</span> <span class='ocrx_word' id='word_1_91' title='bbox 443 1374 634 1459; x_wconf 73' lang='grc' dir='ltr'>περιτιθέασι</span> <span class='ocrx_word' id='word_1_92' title='bbox 656 1400 696 1438; x_wconf 90' lang='grc' dir='ltr'>τα</span> <span class='ocrx_word' id='word_1_93' title='bbox 684 1371 822 1456; x_wconf 72' lang='grc' dir='ltr'>ὓποδήι</span> <span class='ocrx_word' id='word_1_94' title='bbox 823 1380 909 1454; x_wconf 88' lang='grc' dir='ltr'>ιατα]</span> <span class='ocrx_word' id='word_1_95' title='bbox 941 1381 1000 1438; x_wconf 88' lang='lat' dir='ltr'>Non</span> <span class='ocrx_word' id='word_1_96' title='bbox 1016 1381 1085 1438; x_wconf 88' lang='lat' dir='ltr'>haec</span> <span class='ocrx_word' id='word_1_97' title='bbox 1100 1398 1117 1436; x_wconf 90' lang='lat' dir='ltr'>a</span> <span class='ocrx_word' id='word_1_98' title='bbox 1132 1379 1185 1437; x_wconf 84' lang='lat' dir='ltr'>[la-</span> 
     </span>
     <span class='ocr_line' id='line_1_14' title="bbox 158 1466 1183 1561; baseline -0.005 -35"><span class='ocrx_word' id='word_1_99' title='bbox 158 1470 244 1537; x_wconf 74' lang='lat' dir='ltr'>theris</span> <span class='ocrx_word' id='word_1_100' title='bbox 266 1476 398 1542; x_wconf 86' lang='lat' dir='ltr'>usurpata</span> <span class='ocrx_word' id='word_1_101' title='bbox 414 1476 596 1561; x_wconf 30' lang='lat' dir='ltr'>&#39;praepostera</span> <span class='ocrx_word' id='word_1_102' title='bbox 617 1468 731 1524; x_wconf 86' lang='lat' dir='ltr'>vestitus</span> <span class='ocrx_word' id='word_1_103' title='bbox 752 1468 830 1532; x_wconf 88' lang='lat' dir='ltr'>ratio,</span> <span class='ocrx_word' id='word_1_104' title='bbox 854 1475 885 1522; x_wconf 90' lang='lat' dir='ltr'>ut</span> <span class='ocrx_word' id='word_1_105' title='bbox 907 1467 1015 1540; x_wconf 90' lang='lat' dir='ltr'>quidam</span> <span class='ocrx_word' id='word_1_106' title='bbox 1038 1466 1183 1530; x_wconf 84' lang='lat' dir='ltr'>existimat,</span> 
     </span>
     <span class='ocr_line' id='line_1_15' title="bbox 159 1550 1187 1626; baseline -0.006 -14"><span class='ocrx_word' id='word_1_107' title='bbox 159 1554 209 1612; x_wconf 86' lang='lat' dir='ltr'>sed</span> <span class='ocrx_word' id='word_1_108' title='bbox 230 1553 264 1610; x_wconf 91' lang='lat' dir='ltr'>ad</span> <span class='ocrx_word' id='word_1_109' title='bbox 287 1552 435 1626; x_wconf 88' lang='lat' dir='ltr'>superioris</span> <span class='ocrx_word' id='word_1_110' title='bbox 458 1551 591 1625; x_wconf 78' lang='lat' dir='ltr'>dogmatis</span> <span class='ocrx_word' id='word_1_111' title='bbox 613 1551 809 1608; x_wconf 77' lang='lat' dir='ltr'>absurditatem</span> <span class='ocrx_word' id='word_1_112' title='bbox 831 1550 1018 1608; x_wconf 84' lang='lat' dir='ltr'>illustrandam</span> <span class='ocrx_word' id='word_1_113' title='bbox 1041 1568 1071 1607; x_wconf 91' lang='lat' dir='ltr'>ea</span> <span class='ocrx_word' id='word_1_114' title='bbox 1088 1551 1187 1606; x_wconf 88' lang='lat' dir='ltr'>simili-</span> 
     </span>
     <span class='ocr_line' id='line_1_16' title="bbox 160 1621 1185 1714; baseline -0.006 -16"><span class='ocrx_word' id='word_1_115' title='bbox 160 1621 227 1705; x_wconf 64' lang='lat' dir='ltr'>iudo</span> <span class='ocrx_word' id='word_1_116' title='bbox 257 1656 286 1695; x_wconf 88' lang='lat' dir='ltr'>re</span> <span class='ocrx_word' id='word_1_117' title='bbox 288 1638 383 1694; x_wconf 87' lang='lat' dir='ltr'>l.ertur</span> <span class='ocrx_word' id='word_1_118' title='bbox 430 1635 544 1710; x_wconf 88' lang='lat' dir='ltr'>[Verum</span> <span class='ocrx_word' id='word_1_119' title='bbox 572 1654 604 1693; x_wconf 86' lang='lat' dir='ltr'>ex</span> <span class='ocrx_word' id='word_1_120' title='bbox 632 1636 770 1693; x_wconf 86' lang='lat' dir='ltr'>Glossario</span> <span class='ocrx_word' id='word_1_121' title='bbox 800 1638 930 1714; x_wconf 82' lang='grc' dir='ltr'>νομικῶ,</span> <span class='ocrx_word' id='word_1_122' title='bbox 958 1634 1033 1709; x_wconf 85' lang='lat' dir='ltr'>quod</span> <span class='ocrx_word' id='word_1_123' title='bbox 1061 1635 1185 1693; x_wconf 85' lang='lat' dir='ltr'>Labacus</span> 
     </span>
     <span class='ocr_line' id='line_1_17' title="bbox 161 1720 1185 1797; baseline -0.005 -15"><span class='ocrx_word' id='word_1_124' title='bbox 161 1723 260 1797; x_wconf 82' lang='lat' dir='ltr'>edidit,</span> <span class='ocrx_word' id='word_1_125' title='bbox 290 1722 406 1778; x_wconf 86' lang='lat' dir='ltr'>manavit</span> <span class='ocrx_word' id='word_1_126' title='bbox 427 1722 495 1778; x_wconf 79' lang='lat' dir='ltr'>liaeo</span> <span class='ocrx_word' id='word_1_127' title='bbox 517 1721 707 1788; x_wconf 90' lang='lat' dir='ltr'>hallucinatio,</span> <span class='ocrx_word' id='word_1_128' title='bbox 731 1722 772 1778; x_wconf 92' lang='lat' dir='ltr'>uti</span> <span class='ocrx_word' id='word_1_129' title='bbox 793 1721 968 1794; x_wconf 87' lang='lat' dir='ltr'>postmodum</span> <span class='ocrx_word' id='word_1_130' title='bbox 991 1720 1185 1785; x_wconf 83' lang='lat' dir='ltr'>intelleximus</span> 
     </span>
     <span class='ocr_line' id='line_1_18' title="bbox 154 1790 1187 1907; baseline -0.006 -41"><span class='ocrx_word' id='word_1_131' title='bbox 154 1790 201 1881; x_wconf 76' lang='lat' dir='ltr'>‘lbi</span> <span class='ocrx_word' id='word_1_132' title='bbox 223 1807 295 1863; x_wconf 86' lang='lat' dir='ltr'>enim</span> <span class='ocrx_word' id='word_1_133' title='bbox 317 1807 449 1880; x_wconf 90' lang='lat' dir='ltr'>scriptum</span> <span class='ocrx_word' id='word_1_134' title='bbox 471 1815 529 1862; x_wconf 89' lang='lat' dir='ltr'>est:</span> <span class='ocrx_word' id='word_1_135' title='bbox 550 1797 739 1882; x_wconf 76' lang='grc' dir='ltr'>Οβὸονάρια</span> <span class='ocrx_word' id='word_1_136' title='bbox 760 1807 829 1874; x_wconf 90' lang='lat' dir='ltr'>(cor.</span> <span class='ocrx_word' id='word_1_137' title='bbox 842 1797 1079 1883; x_wconf 74' lang='lat' dir='ltr'>&#39;Odurdprol</span> <span class='ocrx_word' id='word_1_138' title='bbox 1042 1824 1083 1862; x_wconf 92' lang='grc' dir='ltr'>τα</span> <span class='ocrx_word' id='word_1_139' title='bbox 1099 1823 1187 1907; x_wconf 79' lang='grc' dir='ltr'>περι-</span> 
     </span>
     <span class='ocr_line' id='line_1_19' title="bbox 144 1882 1188 1968; baseline 0.001 -23"><span class='ocrx_word' id='word_1_140' title='bbox 144 1885 320 1964; x_wconf 81' lang='grc' dir='ltr'>απτόμενα</span> <span class='ocrx_word' id='word_1_141' title='bbox 341 1893 406 1957; x_wconf 81' lang='grc' dir='ltr'>τοῖς</span> <span class='ocrx_word' id='word_1_142' title='bbox 426 1883 717 1990; x_wconf 78' lang='grc' dir='ltr'>πσσ1νῦφάσματα,</span> <span class='ocrx_word' id='word_1_143' title='bbox 742 1882 762 1948; x_wconf 81' lang='grc' dir='ltr'><strong><em>ἃ</em></strong></span> <span class='ocrx_word' id='word_1_144' title='bbox 785 1884 900 1967; x_wconf 79' lang='grc' dir='ltr'>λέγεται</span> <span class='ocrx_word' id='word_1_145' title='bbox 922 1884 1091 1949; x_wconf 73' lang='lat' dir='ltr'>recidererc</span> <span class='ocrx_word' id='word_1_146' title='bbox 1105 1883 1188 1947; x_wconf 81' lang='grc' dir='ltr'>κατὰ</span> 
     </span>
     <span class='ocr_line' id='line_1_20' title="bbox 150 1966 1187 2073; baseline 0 -41"><span class='ocrx_word' id='word_1_147' title='bbox 150 1966 322 2051; x_wconf 67' lang='lat' dir='ltr'>¹rtuiirrpon‘.</span> <span class='ocrx_word' id='word_1_148' title='bbox 352 1969 392 2031; x_wconf 82' lang='grc' dir='ltr'>τὰ</span> <span class='ocrx_word' id='word_1_149' title='bbox 414 1969 448 2031; x_wconf 70' lang='lat' dir='ltr'>di</span> <span class='ocrx_word' id='word_1_150' title='bbox 470 1966 550 2032; x_wconf 80' lang='lat' dir='ltr'>dtto</span> <span class='ocrx_word' id='word_1_151' title='bbox 571 1967 717 2073; x_wconf 65' lang='lat' dir='ltr'>rcr&#39;dtu,</span> <span class='ocrx_word' id='word_1_152' title='bbox 695 1992 737 2042; x_wconf 83' lang='grc' dir='ltr'>ιιις</span> <span class='ocrx_word' id='word_1_153' title='bbox 758 1969 907 2033; x_wconf 73' lang='grc' dir='ltr'>εἰπεῖν</span> <span class='ocrx_word' id='word_1_154' title='bbox 871 1995 911 2032; x_wconf 87' lang='grc' dir='ltr'>τα</span> <span class='ocrx_word' id='word_1_155' title='bbox 933 1967 999 2043; x_wconf 66' lang='grc' dir='ltr'>ἐξε</span> <span class='ocrx_word' id='word_1_156' title='bbox 988 1970 1121 2048; x_wconf 69' lang='lat' dir='ltr'>oportun</span> <span class='ocrx_word' id='word_1_157' title='bbox 1136 1992 1187 2051; x_wconf 76' lang='grc' dir='ltr'>γε·</span> 
     </span>
     <span class='ocr_line' id='line_1_21' title="bbox 162 2050 1187 2138; baseline -0.002 -22"><span class='ocrx_word' id='word_1_158' title='bbox 162 2078 245 2138; x_wconf 69' lang='grc' dir='ltr'>γενηι</span> <span class='ocrx_word' id='word_1_159' title='bbox 232 2053 324 2133; x_wconf 83' lang='grc' dir='ltr'>με’να</span> <span class='ocrx_word' id='word_1_160' title='bbox 349 2050 368 2114; x_wconf 87' lang='grc' dir='ltr'>ι1</span> <span class='ocrx_word' id='word_1_161' title='bbox 391 2052 478 2137; x_wconf 74' lang='grc' dir='ltr'>παρά</span> <span class='ocrx_word' id='word_1_162' title='bbox 500 2076 579 2116; x_wconf 89' lang='grc' dir='ltr'>τισιν</span> <span class='ocrx_word' id='word_1_163' title='bbox 600 2050 714 2117; x_wconf 67' lang='lat' dir='ltr'>lodoin</span> <span class='ocrx_word' id='word_1_164' title='bbox 736 2051 928 2134; x_wconf 73' lang='grc' dir='ltr'>κέκληται,</span> <span class='ocrx_word' id='word_1_165' title='bbox 910 2079 929 2135; x_wconf 86' lang='grc' dir='ltr'><em>η</em></span> <span class='ocrx_word' id='word_1_166' title='bbox 950 2053 1077 2138; x_wconf 76' lang='grc' dir='ltr'>βράκαι,</span> <span class='ocrx_word' id='word_1_167' title='bbox 1096 2053 1187 2138; x_wconf 75' lang='grc' dir='ltr'>χερσὶ</span> 
     </span>
     <span class='ocr_line' id='line_1_22' title="bbox 162 2137 1187 2239; baseline -0.002 -36"><span class='ocrx_word' id='word_1_168' title='bbox 162 2138 364 2239; x_wconf 67' lang='grc' dir='ltr'>τιεριτιθέασι,</span> <span class='ocrx_word' id='word_1_169' title='bbox 388 2139 571 2211; x_wconf 62' lang='lat' dir='ltr'>oneratione</span> <span class='ocrx_word' id='word_1_170' title='bbox 592 2137 626 2202; x_wconf 73' lang='lat' dir='ltr'>di</span> <span class='ocrx_word' id='word_1_171' title='bbox 648 2148 713 2212; x_wconf 79' lang='grc' dir='ltr'>τοῖς</span> <span class='ocrx_word' id='word_1_172' title='bbox 729 2138 827 2202; x_wconf 75' lang='grc' dir='ltr'>ποσίν.</span> <span class='ocrx_word' id='word_1_173' title='bbox 857 2145 940 2203; x_wconf 86' lang='lat' dir='ltr'>Deest</span> <span class='ocrx_word' id='word_1_174' title='bbox 955 2146 1027 2202; x_wconf 89' lang='lat' dir='ltr'>euim</span> <span class='ocrx_word' id='word_1_175' title='bbox 1041 2144 1187 2220; x_wconf 85' lang='lat' dir='ltr'>Epiphauii</span> 
     </span>
     <span class='ocr_line' id='line_1_23' title="bbox 163 2221 1187 2305; baseline -0.004 -14"><span class='ocrx_word' id='word_1_176' title='bbox 163 2247 273 2296; x_wconf 87' lang='lat' dir='ltr'>nomen,</span> <span class='ocrx_word' id='word_1_177' title='bbox 296 2229 373 2286; x_wconf 91' lang='lat' dir='ltr'>cuius</span> <span class='ocrx_word' id='word_1_178' title='bbox 396 2229 477 2287; x_wconf 90' lang='lat' dir='ltr'>verba</span> <span class='ocrx_word' id='word_1_179' title='bbox 493 2229 659 2287; x_wconf 81' lang='lat' dir='ltr'>Glossarium</span> <span class='ocrx_word' id='word_1_180' title='bbox 676 2229 826 2304; x_wconf 77' lang='lat' dir='ltr'>exscripsit.</span> <span class='ocrx_word' id='word_1_181' title='bbox 856 2231 921 2304; x_wconf 72' lang='lat' dir='ltr'>Lep.</span> <span class='ocrx_word' id='word_1_182' title='bbox 937 2230 1029 2305; x_wconf 89' lang='lat' dir='ltr'>itaque</span> <span class='ocrx_word' id='word_1_183' title='bbox 1047 2222 1090 2298; x_wconf 83' lang='grc' dir='ltr'>ὥς</span> <span class='ocrx_word' id='word_1_184' title='bbox 1104 2221 1187 2287; x_wconf 82' lang='grc' dir='ltr'>Ἐπι-</span> 
     </span>
     <span class='ocr_line' id='line_1_24' title="bbox 163 2308 1188 2404; baseline -0.002 -31"><span class='ocrx_word' id='word_1_185' title='bbox 163 2309 274 2396; x_wconf 63' lang='lat' dir='ltr'>penne</span> <span class='ocrx_word' id='word_1_186' title='bbox 296 2308 375 2373; x_wconf 80' lang='grc' dir='ltr'>κατὰ</span> <span class='ocrx_word' id='word_1_187' title='bbox 398 2309 571 2404; x_wconf 70' lang='grc' dir='ltr'>Καθαρων.</span> <span class='ocrx_word' id='word_1_188' title='bbox 597 2314 748 2379; x_wconf 82' lang='lat' dir='ltr'>Ridiculum</span> <span class='ocrx_word' id='word_1_189' title='bbox 771 2323 813 2372; x_wconf 89' lang='lat' dir='ltr'>est</span> <span class='ocrx_word' id='word_1_190' title='bbox 835 2315 918 2389; x_wconf 77' lang='lat' dir='ltr'>igitur</span> <span class='ocrx_word' id='word_1_191' title='bbox 939 2315 1088 2373; x_wconf 89' lang='lat' dir='ltr'>absurdum</span> <span class='ocrx_word' id='word_1_192' title='bbox 1110 2315 1188 2373; x_wconf 90' lang='lat' dir='ltr'>illum</span> 
     </span>
     <span class='ocr_line' id='line_1_25' title="bbox 163 2392 1190 2475; baseline -0.002 -16"><span class='ocrx_word' id='word_1_193' title='bbox 163 2401 296 2469; x_wconf 75' lang='lat' dir='ltr'>‚vestiendi</span> <span class='ocrx_word' id='word_1_194' title='bbox 325 2417 429 2457; x_wconf 91' lang='lat' dir='ltr'>morem</span> <span class='ocrx_word' id='word_1_195' title='bbox 451 2417 483 2457; x_wconf 77' lang='lat' dir='ltr'>eu</span> <span class='ocrx_word' id='word_1_196' title='bbox 504 2392 654 2475; x_wconf 82' lang='lat' dir='ltr'>Epiphanio</span> <span class='ocrx_word' id='word_1_197' title='bbox 677 2399 830 2457; x_wconf 85' lang='lat' dir='ltr'>Novatianis</span> <span class='ocrx_word' id='word_1_198' title='bbox 852 2400 951 2465; x_wconf 84' lang='lat' dir='ltr'>tribui,</span> <span class='ocrx_word' id='word_1_199' title='bbox 980 2401 1013 2457; x_wconf 92' lang='lat' dir='ltr'>de</span> <span class='ocrx_word' id='word_1_200' title='bbox 1036 2418 1091 2474; x_wconf 88' lang='lat' dir='ltr'>quo</span> <span class='ocrx_word' id='word_1_201' title='bbox 1114 2417 1190 2457; x_wconf 87' lang='lat' dir='ltr'>uun·</span> 
     </span>
     <span class='ocr_line' id='line_1_26' title="bbox 163 2476 1190 2585; baseline -0.002 -42"><span class='ocrx_word' id='word_1_202' title='bbox 163 2504 245 2561; x_wconf 82' lang='lat' dir='ltr'>quam</span> <span class='ocrx_word' id='word_1_203' title='bbox 274 2486 409 2560; x_wconf 80' lang='lat' dir='ltr'>cogitavit.</span> <span class='ocrx_word' id='word_1_204' title='bbox 454 2486 484 2542; x_wconf 88' lang='lat' dir='ltr'>lu</span> <span class='ocrx_word' id='word_1_205' title='bbox 507 2484 662 2542; x_wconf 84' lang='lat' dir='ltr'>GlossisP.</span> <span class='ocrx_word' id='word_1_206' title='bbox 686 2485 823 2543; x_wconf 88' lang='lat' dir='ltr'>Sirmoudi</span> <span class='ocrx_word' id='word_1_207' title='bbox 851 2485 884 2541; x_wconf 89' lang='lat' dir='ltr'>de</span> <span class='ocrx_word' id='word_1_208' title='bbox 908 2476 1094 2585; x_wconf 72' lang='lat' dir='ltr'>ddorrnpioap</span> <span class='ocrx_word' id='word_1_209' title='bbox 1111 2484 1190 2547; x_wconf 88' lang='lat' dir='ltr'>illud</span> 
     </span>
     <span class='ocr_line' id='line_1_27' title="bbox 164 2560 1190 2671; baseline -0.001 -43"><span class='ocrx_word' id='word_1_210' title='bbox 164 2571 295 2667; x_wconf 88' lang='lat' dir='ltr'>amplius</span> <span class='ocrx_word' id='word_1_211' title='bbox 309 2569 431 2628; x_wconf 77' lang='lat' dir='ltr'>extabat:</span> <span class='ocrx_word' id='word_1_212' title='bbox 461 2560 627 2647; x_wconf 75' lang='lat' dir='ltr'>&#39;Odordpror</span> <span class='ocrx_word' id='word_1_213' title='bbox 652 2579 680 2628; x_wconf 91' lang='lat' dir='ltr'>et</span> <span class='ocrx_word' id='word_1_214' title='bbox 702 2561 867 2641; x_wconf 70' lang='grc' dir='ltr'>ὀι1όνια,ι</span> <span class='ocrx_word' id='word_1_215' title='bbox 831 2560 1024 2671; x_wconf 64' lang='grc' dir='ltr'>υφάσματα</span> <span class='ocrx_word' id='word_1_216' title='bbox 1046 2562 1190 2646; x_wconf 74' lang='grc' dir='ltr'>ἐπιμήκη,</span> 
     </span>
     <span class='ocr_line' id='line_1_28' title="bbox 164 2645 1190 2756; baseline -0.002 -44"><span class='ocrx_word' id='word_1_217' title='bbox 164 2647 186 2712; x_wconf 78' lang='lat' dir='ltr'>ii</span> <span class='ocrx_word' id='word_1_218' title='bbox 208 2650 258 2710; x_wconf 81' lang='grc' dir='ltr'>καὶ</span> <span class='ocrx_word' id='word_1_219' title='bbox 280 2645 393 2756; x_wconf 79' lang='grc' dir='ltr'>ὀράρια</span> <span class='ocrx_word' id='word_1_220' title='bbox 413 2672 500 2733; x_wconf 80' lang='lat' dir='ltr'>napo</span> <span class='ocrx_word' id='word_1_221' title='bbox 521 2657 612 2713; x_wconf 72' lang='lat' dir='ltr'>ntroin</span> <span class='ocrx_word' id='word_1_222' title='bbox 633 2649 764 2732; x_wconf 71' lang='grc' dir='ltr'>λέγεται·</span> <span class='ocrx_word' id='word_1_223' title='bbox 787 2673 887 2714; x_wconf 84' lang='grc' dir='ltr'>ταυτα</span> <span class='ocrx_word' id='word_1_224' title='bbox 909 2649 994 2710; x_wconf 82' lang='lat' dir='ltr'>de</span> <span class='ocrx_word' id='word_1_225' title='bbox 965 2673 994 2712; x_wconf 89' lang='grc' dir='ltr'>οι</span> <span class='ocrx_word' id='word_1_226' title='bbox 1015 2649 1108 2722; x_wconf 75' lang='grc' dir='ltr'>εἰς</span> <span class='ocrx_word' id='word_1_227' title='bbox 1075 2673 1112 2712; x_wconf 83' lang='grc' dir='ltr'>το</span> <span class='ocrx_word' id='word_1_228' title='bbox 1126 2674 1190 2711; x_wconf 81' lang='grc' dir='ltr'>ιτα-</span> 
     </span>
     <span class='ocr_line' id='line_1_29' title="bbox 165 2730 1191 2837; baseline -0.003 -39"><span class='ocrx_word' id='word_1_229' title='bbox 165 2730 271 2797; x_wconf 77' lang='grc' dir='ltr'>λάτισν</span> <span class='ocrx_word' id='word_1_230' title='bbox 298 2731 440 2806; x_wconf 86' lang='grc' dir='ltr'>εισιόντες</span> <span class='ocrx_word' id='word_1_231' title='bbox 467 2734 703 2837; x_wconf 75' lang='grc' dir='ltr'>συγκλητικοὶ</span> <span class='ocrx_word' id='word_1_232' title='bbox 688 2732 918 2817; x_wconf 73' lang='grc' dir='ltr'>εαιφερόμενσι,</span> <span class='ocrx_word' id='word_1_233' title='bbox 945 2735 977 2798; x_wconf 78' lang='grc' dir='ltr'>ἓν</span> <span class='ocrx_word' id='word_1_234' title='bbox 1005 2732 1111 2808; x_wconf 74' lang='grc' dir='ltr'>αὐτοῖς</span> <span class='ocrx_word' id='word_1_235' title='bbox 1137 2734 1191 2797; x_wconf 74' lang='grc' dir='ltr'>καὶ</span> 
     </span>
     <span class='ocr_line' id='line_1_30' title="bbox 166 2813 1192 2900; baseline 0.002 -19"><span class='ocrx_word' id='word_1_236' title='bbox 166 2813 375 2898; x_wconf 73' lang='lat' dir='ltr'>onrprc&#39;urorro</span> <span class='ocrx_word' id='word_1_237' title='bbox 398 2842 449 2880; x_wconf 88' lang='grc' dir='ltr'>και</span> <span class='ocrx_word' id='word_1_238' title='bbox 441 2814 631 2881; x_wconf 78' lang='grc' dir='ltr'>ἀπέπεσαν.</span> <span class='ocrx_word' id='word_1_239' title='bbox 660 2825 698 2881; x_wconf 78' lang='lat' dir='ltr'>Er</span> <span class='ocrx_word' id='word_1_240' title='bbox 711 2825 848 2882; x_wconf 78' lang='lat' dir='ltr'>Addendis</span> <span class='ocrx_word' id='word_1_241' title='bbox 871 2842 898 2900; x_wconf 90' lang='lat' dir='ltr'>p.</span> <span class='ocrx_word' id='word_1_242' title='bbox 915 2825 1002 2900; x_wconf 69' lang='lat' dir='ltr'>tte]</span> <span class='ocrx_word' id='word_1_243' title='bbox 1034 2825 1192 2883; x_wconf 81' lang='lat' dir='ltr'>Observata·</span> 
     </span>
     <span class='ocr_line' id='line_1_31' title="bbox 166 2899 1190 2984; baseline 0 -17"><span class='ocrx_word' id='word_1_244' title='bbox 166 2909 232 2984; x_wconf 85' lang='lat' dir='ltr'>dum</span> <span class='ocrx_word' id='word_1_245' title='bbox 255 2925 318 2964; x_wconf 89' lang='lat' dir='ltr'>vero</span> <span class='ocrx_word' id='word_1_246' title='bbox 341 2899 435 2966; x_wconf 79' lang='lat' dir='ltr'>nddra</span> <span class='ocrx_word' id='word_1_247' title='bbox 457 2908 505 2978; x_wconf 82' lang='lat' dir='ltr'>(ita</span> <span class='ocrx_word' id='word_1_248' title='bbox 528 2909 600 2965; x_wconf 90' lang='lat' dir='ltr'>enim</span> <span class='ocrx_word' id='word_1_249' title='bbox 621 2909 675 2968; x_wconf 90' lang='lat' dir='ltr'>hoc</span> <span class='ocrx_word' id='word_1_250' title='bbox 696 2909 758 2967; x_wconf 88' lang='lat' dir='ltr'>loco</span> <span class='ocrx_word' id='word_1_251' title='bbox 776 2910 830 2984; x_wconf 81' lang='lat' dir='ltr'>leg.</span> <span class='ocrx_word' id='word_1_252' title='bbox 846 2927 897 2984; x_wconf 90' lang='lat' dir='ltr'>pro</span> <span class='ocrx_word' id='word_1_253' title='bbox 913 2905 1015 2981; x_wconf 74' lang='lat' dir='ltr'>niden)</span> <span class='ocrx_word' id='word_1_254' title='bbox 1031 2928 1093 2967; x_wconf 93' lang='lat' dir='ltr'>cum</span> <span class='ocrx_word' id='word_1_255' title='bbox 1108 2901 1190 2968; x_wconf 80' lang='grc' dir='ltr'><em>ὀδω-</em></span> 
     </span>
     <span class='ocr_line' id='line_1_32' title="bbox 166 2986 1189 3070; baseline 0.001 -20"><span class='ocrx_word' id='word_1_256' title='bbox 166 2988 241 3061; x_wconf 84' lang='grc' dir='ltr'>νίοις</span> <span class='ocrx_word' id='word_1_257' title='bbox 262 3001 290 3049; x_wconf 89' lang='lat' dir='ltr'>et</span> <span class='ocrx_word' id='word_1_258' title='bbox 310 2986 459 3070; x_wconf 79' lang='grc' dir='ltr'>βράκαις</span> <span class='ocrx_word' id='word_1_259' title='bbox 465 2998 620 3068; x_wconf 84' lang='lat' dir='ltr'>promiscue</span> <span class='ocrx_word' id='word_1_260' title='bbox 641 2994 735 3069; x_wconf 79' lang='lat' dir='ltr'>accipi,</span> <span class='ocrx_word' id='word_1_261' title='bbox 759 2996 809 3052; x_wconf 91' lang='lat' dir='ltr'>etsi</span> <span class='ocrx_word' id='word_1_262' title='bbox 831 2996 942 3069; x_wconf 88' lang='lat' dir='ltr'>proprie</span> <span class='ocrx_word' id='word_1_263' title='bbox 963 2989 1057 3058; x_wconf 75' lang='lat' dir='ltr'>reddin</span> <span class='ocrx_word' id='word_1_264' title='bbox 1078 2995 1189 3070; x_wconf 86' lang='lat' dir='ltr'>pedum,</span> 
     </span>
     <span class='ocr_line' id='line_1_33' title="bbox 165 3070 1191 3180; baseline 0.004 -46"><span class='ocrx_word' id='word_1_265' title='bbox 165 3070 310 3180; x_wconf 78' lang='grc' dir='ltr'>βρακαι</span> <span class='ocrx_word' id='word_1_266' title='bbox 312 3078 441 3137; x_wconf 83' lang='lat' dir='ltr'>feminum</span> <span class='ocrx_word' id='word_1_267' title='bbox 470 3087 625 3153; x_wconf 81' lang='lat' dir='ltr'>tegumenta</span> <span class='ocrx_word' id='word_1_268' title='bbox 648 3080 713 3139; x_wconf 87' lang='lat' dir='ltr'>sint.</span> <span class='ocrx_word' id='word_1_269' title='bbox 757 3079 853 3137; x_wconf 81' lang='lat' dir='ltr'>Pollux</span> <span class='ocrx_word' id='word_1_270' title='bbox 877 3082 904 3145; x_wconf 84' lang='lat'>2,</span> <span class='ocrx_word' id='word_1_271' title='bbox 922 3076 1073 3139; x_wconf 72' lang='lat' dir='ltr'>tandein</span> <span class='ocrx_word' id='word_1_272' title='bbox 1095 3080 1191 3138; x_wconf 83' lang='lat' dir='ltr'>scribit</span> 
     </span>
     <span class='ocr_line' id='line_1_34' title="bbox 168 3156 1192 3242; baseline -0.001 -18"><span class='ocrx_word' id='word_1_273' title='bbox 168 3181 230 3225; x_wconf 84' lang='lat' dir='ltr'>csse</span> <span class='ocrx_word' id='word_1_274' title='bbox 257 3156 331 3231; x_wconf 76' lang='grc' dir='ltr'>τούς</span> <span class='ocrx_word' id='word_1_275' title='bbox 357 3161 424 3241; x_wconf 75' lang='grc' dir='ltr'>περὶ</span> <span class='ocrx_word' id='word_1_276' title='bbox 453 3167 517 3232; x_wconf 80' lang='grc' dir='ltr'>τοῖς</span> <span class='ocrx_word' id='word_1_277' title='bbox 543 3159 615 3222; x_wconf 79' lang='lat' dir='ltr'>noui</span> <span class='ocrx_word' id='word_1_278' title='bbox 643 3160 765 3236; x_wconf 79' lang='grc' dir='ltr'>πίλους,</span> <span class='ocrx_word' id='word_1_279' title='bbox 791 3182 861 3241; x_wconf 89' lang='lat' dir='ltr'>quae</span> <span class='ocrx_word' id='word_1_280' title='bbox 882 3166 1033 3240; x_wconf 84' lang='lat' dir='ltr'>Aeschylus</span> <span class='ocrx_word' id='word_1_281' title='bbox 1054 3159 1192 3242; x_wconf 72' lang='grc' dir='ltr'>αέλυτρα</span> 
     </span>
     <span class='ocr_line' id='line_1_35' title="bbox 166 3240 1191 3350; baseline 0.003 -46"><span class='ocrx_word' id='word_1_282' title='bbox 166 3257 254 3309; x_wconf 88' lang='lat' dir='ltr'>vocat.</span> <span class='ocrx_word' id='word_1_283' title='bbox 298 3249 343 3307; x_wconf 88' lang='lat' dir='ltr'>Sic</span> <span class='ocrx_word' id='word_1_284' title='bbox 365 3248 483 3324; x_wconf 83' lang='lat' dir='ltr'>Hesych.</span> <span class='ocrx_word' id='word_1_285' title='bbox 505 3241 622 3328; x_wconf 78' lang='grc' dir='ltr'>βράκις</span> <span class='ocrx_word' id='word_1_286' title='bbox 643 3240 841 3325; x_wconf 66' lang='grc' dir='ltr'>αναξυρίδεςι</span> <span class='ocrx_word' id='word_1_287' title='bbox 867 3250 903 3308; x_wconf 84' lang='lat' dir='ltr'>Et</span> <span class='ocrx_word' id='word_1_288' title='bbox 924 3251 997 3307; x_wconf 88' lang='lat' dir='ltr'>alibi.</span> <span class='ocrx_word' id='word_1_289' title='bbox 1010 3241 1191 3350; x_wconf 70' lang='grc' dir='ltr'>ἀναξυρίδες</span> 
     </span>
     <span class='ocr_line' id='line_1_36' title="bbox 168 3327 1192 3477; baseline 0.005 -89"><span class='ocrx_word' id='word_1_290' title='bbox 168 3327 340 3477; x_wconf 78' lang='grc' dir='ltr'>φημινάλια</span> <span class='ocrx_word' id='word_1_291' title='bbox 365 3329 483 3438; x_wconf 79' lang='grc' dir='ltr'>βρακιά</span> <span class='ocrx_word' id='word_1_292' title='bbox 507 3329 704 3434; x_wconf 73' lang='grc' dir='ltr'>βαρβαρικὰ,</span> <span class='ocrx_word' id='word_1_293' title='bbox 733 3327 817 3409; x_wconf 73' lang='grc' dir='ltr'>ε’νδυι</span> <span class='ocrx_word' id='word_1_294' title='bbox 819 3353 852 3390; x_wconf 91' lang='grc' dir='ltr'>ια</span> <span class='ocrx_word' id='word_1_295' title='bbox 877 3331 983 3395; x_wconf 66' lang='lat' dir='ltr'>noter</span> <span class='ocrx_word' id='word_1_296' title='bbox 1002 3327 1192 3410; x_wconf 73' lang='grc' dir='ltr'>ὑποδήματα</span> 
     </span>
     <span class='ocr_line' id='line_1_37' title="bbox 167 3410 1192 3497; baseline 0.001 -21"><span class='ocrx_word' id='word_1_297' title='bbox 167 3412 255 3491; x_wconf 67' lang='lat' dir='ltr'>padi</span> <span class='ocrx_word' id='word_1_298' title='bbox 254 3438 273 3474; x_wconf 92' lang='grc' dir='ltr'>α</span> <span class='ocrx_word' id='word_1_299' title='bbox 294 3438 312 3493; x_wconf 87' lang='grc' dir='ltr'><em>η</em></span> <span class='ocrx_word' id='word_1_300' title='bbox 306 3411 483 3491; x_wconf 80' lang='grc' dir='ltr'>βασιλικά.</span> <span class='ocrx_word' id='word_1_301' title='bbox 513 3419 564 3479; x_wconf 87' lang='lat' dir='ltr'>Ubi</span> <span class='ocrx_word' id='word_1_302' title='bbox 580 3410 775 3497; x_wconf 75' lang='grc' dir='ltr'>ἀναξυρίδας,</span> <span class='ocrx_word' id='word_1_303' title='bbox 799 3437 868 3493; x_wconf 91' lang='lat' dir='ltr'>quae</span> <span class='ocrx_word' id='word_1_304' title='bbox 882 3420 1021 3479; x_wconf 84' lang='lat' dir='ltr'>femoralia</span> <span class='ocrx_word' id='word_1_305' title='bbox 1036 3430 1110 3486; x_wconf 86' lang='lat' dir='ltr'>suut,</span> <span class='ocrx_word' id='word_1_306' title='bbox 1133 3421 1192 3479; x_wconf 83' lang='lat' dir='ltr'>oal-</span> 
     </span>
     <span class='ocr_line' id='line_1_38' title="bbox 168 3499 1191 3580; baseline 0.005 -22"><span class='ocrx_word' id='word_1_307' title='bbox 168 3511 309 3560; x_wconf 79' lang='lat' dir='ltr'>conmenta</span> <span class='ocrx_word' id='word_1_308' title='bbox 320 3521 429 3579; x_wconf 88' lang='lat' dir='ltr'>quoque</span> <span class='ocrx_word' id='word_1_309' title='bbox 451 3504 522 3570; x_wconf 83' lang='lat' dir='ltr'>iacit,</span> <span class='ocrx_word' id='word_1_310' title='bbox 547 3513 574 3562; x_wconf 89' lang='lat' dir='ltr'>et</span> <span class='ocrx_word' id='word_1_311' title='bbox 597 3504 706 3580; x_wconf 87' lang='lat' dir='ltr'>quidem</span> <span class='ocrx_word' id='word_1_312' title='bbox 720 3499 836 3576; x_wconf 74' lang='grc' dir='ltr'>βαθέα,</span> <span class='ocrx_word' id='word_1_313' title='bbox 852 3516 889 3562; x_wconf 84' lang='lat' dir='ltr'>ut</span> <span class='ocrx_word' id='word_1_314' title='bbox 904 3523 919 3567; x_wconf 92' lang='lat' dir='ltr'>a</span> <span class='ocrx_word' id='word_1_315' title='bbox 934 3506 1016 3564; x_wconf 91' lang='lat' dir='ltr'>soleis</span> <span class='ocrx_word' id='word_1_316' title='bbox 1029 3506 1191 3580; x_wconf 77' lang='lat' dir='ltr'>distinguat,</span> 
     </span>
     <span class='ocr_line' id='line_1_39' title="bbox 169 3583 1192 3666; baseline 0.002 -21"><span class='ocrx_word' id='word_1_317' title='bbox 169 3602 239 3661; x_wconf 86' lang='lat' dir='ltr'>quae</span> <span class='ocrx_word' id='word_1_318' title='bbox 260 3587 360 3664; x_wconf 86' lang='lat' dir='ltr'>plantis</span> <span class='ocrx_word' id='word_1_319' title='bbox 381 3589 482 3664; x_wconf 90' lang='lat' dir='ltr'>pedum</span> <span class='ocrx_word' id='word_1_320' title='bbox 504 3590 672 3664; x_wconf 88' lang='lat' dir='ltr'>suppositae.</span> <span class='ocrx_word' id='word_1_321' title='bbox 702 3589 787 3648; x_wconf 87' lang='lat' dir='ltr'>Porro</span> <span class='ocrx_word' id='word_1_322' title='bbox 810 3590 883 3664; x_wconf 86' lang='lat' dir='ltr'>quod</span> <span class='ocrx_word' id='word_1_323' title='bbox 906 3591 943 3649; x_wconf 90' lang='lat' dir='ltr'>ait</span> <span class='ocrx_word' id='word_1_324' title='bbox 964 3591 1132 3666; x_wconf 78' lang='lat' dir='ltr'>Epiphanius</span> <span class='ocrx_word' id='word_1_325' title='bbox 1151 3583 1192 3649; x_wconf 75' lang='grc' dir='ltr'>τὰ</span> 
     </span>
    </p>
   </div>
   <div class='ocr_carea' id='block_1_3' title="bbox 0 0 1292 4154">
    <p class='ocr_par' dir='ltr' id='par_1_6' title="bbox 0 0 1292 4154">
     <span class='ocr_line' id='line_1_40' title="bbox 0 0 1292 4154; baseline 0 0"><span class='ocrx_word' id='word_1_326' title='bbox 0 0 1292 4154; x_wconf 95' lang='lat' dir='ltr'> </span> 
     </span>
    </p>
   </div>
  </div>
 </body>
</html>
