2534 4154
476 311 764 362 suinsnrnnsroscs.
1067 300 1130 365 ttt

111 469 306 526 reconciliare.
351 466 429 536 Quod
457 484 511 523 una
538 483 600 522 cum
623 467 737 523 caeteris
760 468 786 525 in
808 467 955 540 Epistulam
977 486 1056 526 suam
1077 470 1131 527 lla·

111 571 203 611 masus
225 571 258 610 ex
278 553 323 609 illa
345 553 442 608 Leonis
463 552 611 610 transtulit.

196 639 260 694 llihi
287 654 351 694 vero
375 637 639 710 chorepiscoporum
668 637 744 708 origo
767 637 862 693 iisdem
885 655 917 693 es
939 640 1041 695 caussis
1055 658 1131 713 pro.

110 724 222 781 llurisse
244 722 423 788 videtur,.ob
446 739 513 794 quas
535 721 709 778 Alexandriae
732 723 893 787 Laurarum,
917 724 973 779 sive
994 724 1131 781 Ecclesia-

109 827 172 867 rum
200 808 354 867 divisiones:
371 807 509 880 institutas
530 806 698 880 Epiphanius
721 806 829 871 scribit,
859 807 1006 882 itidemque
1029 810 1129 868 Romae

110 893 262 950 Christiana
284 892 362 966 plebs
384 893 412 947 in
433 892 538 948 Titulos
560 891 703 946 distributa
724 891 784 946 luit.
821 891 887 946 Cum
910 895 981 949 enim
1003 894 1130 970 Episcopi

109 978 214 1035 urbana
235 977 315 1051 plebe
337 978 455 1050 regenda
477 976 666 1051 pascendaque
689 975 812 1040 districti,
836 977 863 1031 in
879 994 959 1050 agros
973 996 1127 1045 encrrrreru,

109 1072 192 1136 atque
215 1062 401 1119 Ecclesiastico
428 1078 541 1117 munera
562 1071 591 1117 et
613 1061 784 1117 Sacramenta
807 1061 950 1117 rusticanis
971 1064 1129 1122 hominibus

109 1149 267 1222 impendere
289 1148 378 1202 minus
400 1154 523 1220 possent,
545 1146 659 1201 vicarios
682 1146 776 1201 codem
795 1145 1012 1219 chorepiscopos
1027 1146 1130 1223 allega&

109 1232 184 1297 bant,
208 1232 235 1287 iu
257 1249 327 1306 quos
349 1248 473 1304 magnam
496 1231 561 1286 iuris
583 1231 781 1304 potestatisque
796 1248 861 1286 suae
878 1242 981 1303 partem
998 1236 1129 1290 transter-

109 1326 194 1373 rcntt.
211 1317 347 1372 nonnullis
371 1317 473 1372 scilicet
489 1317 616 1388 exceptis,
640 1333 671 1371 ac
686 1315 737 1375 sibi
752 1317 904 1379 reservatis,
929 1333 1045 1390 quorum
1061 1334 1177 1375 usus

108 1418 141 1458 ac
162 1401 265 1478 functio
288 1403 520 1474 minusurgeret
543 1418 613 1474 quae
635 1400 668 1456 ab
691 1401 781 1457 Leone
803 1409 831 1456 et
848 1400 899 1456 illo
916 1401 1029 1457 Damaso
1050 1419 1129 1458 eom-

109 1495 305 1553 memorantur<
325 1518 328 1523 -
349 1485 529 1554 Quamobrem
553 1485 736 1558 antiquissima
760 1503 820 1540 esse
843 1485 923 1541 debet
947 1485 1128 1560 Chorepisco-

107 1589 208 1646 porum
230 1571 381 1635 institutio,
409 1571 532 1644 adeoque
555 1570 703 1626 alterailla
727 1570 876 1626 Titulorum
900 1571 926 1625 in
948 1570 1063 1627 urbibus
1085 1573 1129 1629 di-

108 1657 212 1713 visione
239 1657 379 1712 vetustior.
410 1656 548 1730 Siquidem
576 1655 653 1710 initio
675 1672 746 1710 unus
769 1655 909 1728 oppidanis
931 1656 1058 1713 omnibus
1079 1674 1128 1731 par

109 1759 171 1798 esse
199 1750 307 1814 poterat
334 1741 495 1814 Episcopus
540 1740 608 1796 llinc
636 1748 678 1795 est
706 1739 779 1812 quod
811 1740 837 1794 in
859 1740 988 1796 Neocaes.
1013 1740 1126 1800 Cen.l3

108 1843 193 1883 unum
215 1826 343 1882 duntaxat
366 1826 440 1882 urbis
463 1819 607 1902 κυριακὸν
628 1825 792 1888 nominatur,
816 1825 842 1879 in
859 1842 913 1898 quo
929 1826 1028 1882 vicanis
1044 1827 1128 1884 Pres-

107 1910 225 1985 byteris,
255 1911 443 1983 praesentibus
465 1909 582 1975 urbicis,
612 1910 694 1965 sacris
717 1910 824 1982 operari
845 1928 899 1965 non
922 1911 994 1967 licet.
1038 1915 1127 1987 Atque

108 1997 176 2052 haec
197 1995 339 2069 Epiphanii
361 2005 415 2051 tarn
437 2005 561 2051 accurata
584 1995 618 2051 de
633 1994 826 2050 Alexandrinae
846 1995 981 2052 Ecclesiae
1004 1997 1128 2070 pluribus

107 2079 234 2138 Ecclesiis
257 2079 408 2136 observatio
431 2097 487 2136 rem
510 2098 561 2136 nec
583 2079 645 2135 alibi
669 2080 776 2152 passim,
800 2096 851 2135 nec
872 2081 937 2136 olim
959 2092 1126 2154 usurpatam,

107 2174 299 2238 ac‘receptem
323 2165 407 2220 luisse
430 2167 606 2221 demonstrat.
637 2168 670 2220 ht
691 2165 720 2220 in
742 2165 813 2237 agris
829 2165 1017 2220 paroeciarum
1032 2167 1128 2225 Eccle-

106 2253 263 2323 siarumque
292 2250 403 2305 divortia
431 2251 555 2322 primitus
583 2249 707 2305 instituta
735 2266 815 2304 nemu
838 2250 956 2321 prudens
979 2253 1126 2323 negaverit.

107 2333 213 2405 Quibus
241 2335 456 2390 administrandis
485 2351 515 2390 ac
548 2333 731 2407 gubernandis
761 2333 969 2406 chorepiscopi,
999 2344 1128 2408 tanquam

105 2420 179 2477 ruris
200 2419 344 2493 Episcopi,
374 2419 523 2493 praepositi
544 2427 621 2482 sunt,
653 2434 713 2472 cum
736 2417 899 2490 amplissima
920 2418 1071 2490 quondam,
1095 2429 1128 2476 ut

104 2504 237 2568 vidimus,
266 2503 411 2568 facultate,
440 2503 596 2576 optimaque
621 2503 691 2574 lege.
737 2502 822 2570 Quam
844 2502 940 2558 deinde
962 2512 1128 2576 potestatem

105 2589 234 2664 Episcopi
262 2588 514 2662 constringendam,
544 2604 575 2643 ac
597 2587 680 2643 certis
701 2585 901 2642 conditionibus
924 2589 1126 2661 temperandam

104 2683 252 2749 putarunt·
282 2673 369 2730 denec
389 2672 543 2747 Episcopali
571 2672 715 2744 dignitate,
744 2689 776 2727 ac
803 2673 1008 2729 consecratione
1030 2676 1127 2748 privati

104 2759 233 2834 primurn,
257 2757 354 2814 deinde
376 2776 490 2831 prorsus
512 2756 634 2830 abrogati
656 2757 775 2812 luerunt.
806 2757 897 2812 Pro
881 2776 913 2813 ns
936 2760 1006 2815 enirn
1023 2776 1127 2838 ποριο-

105 2835 217 2910 διυτάς
239 2844 325 2900 creari
346 2843 526 2900 laodicenum
550 2841 702 2898 Concilium
720 2841 852 2907 decrevit,
876 2860 945 2915 quos
962 2845 1088 2900 Latina
1079 2864 1127 2902 an·

104 2929 266 3022 terpretatio
293 2928 456 2985 mercatores
481 2927 614 3001 appellat:
640 2926 796 2993 Cia-citeros,
818 2937 865 2982 aut
879 2927 1061 2985 lustratores
1077 2948 1128 2986 ιο-

104 3030 169 3070 care
190 3014 288 3086 possis,
313 3024 344 3069 ut
365 3020 407 3070 est
428 3013 457 3069 iu
479 3013 616 3069 Glossario
639 3011 697 3069 Vet
718 3011 859 3067 balsamon
881 3014 914 3067 ad
936 3014 1043 3070 Laudic.
1061 3014 1125 3070 Can.

104 3096 181 3155 illum
206 3101 254 3155 57.
283 3092 475 3172 περιοὸεοταὶ
505 3077 541 3153 dd
567 3093 642 3152 εἰσιν
666 3112 698 3151 οι
727 3090 860 3195 σήμερον
881 3085 1127 3197 προβαλλόμενοι

103 3175 205 3282 παρὰ
220 3183 282 3239 τῶν
306 3173 497 3238 Ἔπιοκόιιιον
516 3173 675 3281 Ἔξαρχοι·
705 3197 789 3236 ουτοι
817 3173 877 3282 γὰρ
905 3174 1126 3258 περιοδεύουσι,

104 3285 157 3323 και
192 3261 365 3367 ἓιιιτηρρῦοι
398 3259 437 3324 τὰ
464 3259 600 3341 ψυχικιὶ
609 3259 794 3342 σφάλματα,
828 3260 877 3320 καὶ
911 3262 1126 3363 καταριίζοοοι

104 3344 178 3418 τούς
199 3368 334 3418 αισιοος
364 3353 392 3408 ln
417 3351 535 3408 Concilio
560 3350 722 3408 Chalcedon
744 3341 876 3406 Acts
863 3369 879 3406 ο
902 3342 1127 3424 οὐλαβέσοατος

103 3429 339 3513 Πρεσβύτερος,
375 3432 424 3492 καὶ
452 3430 647 3513 περιοὸιοτὴς
670 3427 889 3511 Ἀλεξανδρος.
917 3437 985 3491 ltem
1012 3439 1127 3496 tosto

103 3521 135 3579 ἰι
151 3519 256 3577 Libello
280 3530 375 3577 contra
396 3520 469 3577 lbam
492 3537 508 3575 a
531 3521 639 3576 Cleriels
662 3520 806 3576 Edessenis
829 3519 935 3576 oblato:
958 3515 1127 3580 Battmto

104 3601 352 3684 τιναέιιίρρητοι
366 3597 475 3684 ἄνδρα,
498 3587 660 3678 edmerus
675 3597 702 3660 οἱ
717 3609 914 3682 οογκοιμῆται
933 3601 1129 3684 κατεβόησαν.
