2534 4154
204 251 209 296 Ι
460 321 750 370 autumnansronns.
1075 305 1113 368 31

272 407 281 444 a

102 484 125 532 et
145 475 298 549 Procopius
322 477 349 531 in
372 476 477 532 Esaiam
506 494 521 532 a
548 476 815 532 Nabuchodonosore
849 475 994 532 Samariam
1024 486 1051 532 et
1073 478 1120 533 lu·

100 561 190 618 alaeam
213 569 384 634 expugnatas
407 562 453 618 ait.
492 563 573 635 Atqui
602 579 671 618 eom.
690 563 728 618 24
752 562 850 616 dieitur
871 562 1041 634 Assyriorum
1064 562 1118 619 Rex

98 647 127 704 de
148 645 312 719 ·Babylone,
343 655 370 702 et
398 647 431 702 tle
456 646 542 703 Cutha
570 646 739 719 eaeterisque
768 645 925 719 regionibus
949 647 1119 704 transtulisse

98 732 210 788 aolonos
232 731 260 786 in
283 731 439 788 Samariam.
476 734 517 787 An
539 740 597 787 tum
620 731 804 786 Salmanassar
824 732 987 805 Babylonem
1010 731 1137 788 obtine-⁴

96 815 156 882 bat,
187 825 219 872 ut
247 816 294 888 qui
324 825 388 872 tuno
417 835 444 871 in
468 833 498 872 ea
520 816 651 890 regnabat
673 817 844 889 Assyriorum
868 817 1003 889 vectigalis
1025 815 1157 874 essetill

96 901 151 958 an
183 900 293 973 quidem
321 901 463 975 probabile
492 910 543 957 est.
588 902 652 982 llam
675 910 738 973 post
760 903 931 974 Assyriorum
955 911 1030 958 vetus
1054 902 1119 957 illud

49 1042 55 1048 ,
96 1003 125 1042 ae
155 986 317 1042 diuturnum
340 986 485 1058 Imperium
515 987 677 1048 extinctum,
706 984 914 1057 babyloniorum
937 987 1081 1058 primordia
1104 1004 1119 1042 a

95 1071 285 1128 Nabonassaro
309 1080 475 1144 coeperunt,
499 1088 569 1126 anno
593 1071 654 1126 Per.
678 1069 727 1124 lul.
753 1073 831 1126 3967
857 1079 966 1127 eentum
990 1072 1046 1126 lere
1069 1089 1119 1126 an-

95 1157 136 1211 nis
165 1172 181 1210 a
209 1156 357 1211 constituta
380 1155 518 1210 bladorum
542 1155 709 1219 Monarchia3
740 1172 808 1226 quae
838 1155 896 1211 iniit
924 1173 994 1211 anno
1026 1158 1117 1215 3838.

96 1233 183 1296 Porro
205 1240 390 1296 Salmanassar
417 1244 451 1296 10
476 1240 573 1295 Tribus
602 1242 719 1312 captivas
747 1239 856 1295 abduxit
885 1240 993 1295 oireiter
1017 1258 1118 1297 annum

96 1327 156 1382 Per.
181 1325 237 1381 lul.
254 1328 353 1389 3993,
376 1342 448 1381 anno
470 1326 601 1380 Ezechiae
626 1328 653 1382 6.
697 1326 718 1378 A
741 1341 795 1396 quo
818 1326 851 1380 ad
873 1325 1117 1397 Nabopolassarum

95 1409 357 1467 Nabuchodonosori
379 1419 484 1483 patrem
507 1410 569 1465 anni
592 1418 656 1466 sunt
679 1411 729 1467 96.
774 1410 869 1464 lrritur
891 1410 961 1464 enim
984 1410 1116 1483 Nabopol.

97 1495 223 1551 eonvenit
245 1512 315 1550 anna
339 1494 400 1550 Per.
423 1495 470 1550 lul.
496 1497 577 1552 4089
603 1494 654 1550 suh
677 1511 747 1567 quo,
777 1494 830 1549 imo
854 1503 915 1550 ante
938 1495 1041 1566 ipsum,
1065 1495 1118 1550 Ea·

95 1579 269 1654 byloniorum
291 1580 436 1652 Imperium
458 1579 557 1636 llorere
574 1572 744 1651 ‘excitarique
767 1580 871 1652 eoepit:
906 1596 967 1634 aum
990 1579 1041 1634 iam
1064 1581 1118 1634 As-

95 1666 231 1738 syriorum
260 1665 410 1720 seeundum
438 1664 503 1720 illud
531 1664 683 1720 occidisset.
728 1664 832 1720 Etenim
861 1673 924 1736 post
945 1664 1116 1720 Assaraddon

94 1750 168 1806 nulla
190 1749 222 1805 fit
243 1750 358 1821 amplius
380 1749 483 1821 Regum
499 1750 670 1823 Assyriorum
694 1749 813 1804 mentio:
838 1750 886 1804 sed
901 1749 1053 1805 Merodaehi
1069 1749 1116 1806 lilii
1207 1821 1216 1826 ν

95 1834 209 1890 baladan
232 1834 440 1906 babyloniorum
469 1835 613 1907 principis,
642 1837 670 1890 4.
687 1835 753 1906 Reg.
777 1851 801 1888 a.
819 1836 867 1898 20,
891 1836 925 1891 12
954 1852 1024 1890 anno
1047 1835 1117 1890 Eae·

95 1919 171 1975 ahiae
198 1922 245 1975 14.
276 1916 396 1991 ldeoque
418 1929 482 1991 post
503 1919 647 1974 Merodaeh
669 1919 830 1992 babylonios
846 1919 934 1992 Reges
957 1920 1116 1980 crediderim

95 2003 124 2059 ab
147 2004 322 2076 Assyriorum
345 2004 484 2058 dominatu
507 2021 536 2059 se
559 2005 586 2059 in
608 2004 761 2060 libertatem
784 2006 942 2060 asseruisse.

181 2090 221 2146 22
236 2087 264 2143 b.
295 2080 368 2154 τούς
389 2106 420 2144 τε
438 2084 614 2162 χουθαιόυς
634 2083 851 2162 καλουμένους]
886 2090 1009 2157 Quatuor
1031 2090 1115 2146 hosae

95 2173 212 2248 populos
237 2173 319 2245 longe
343 2173 421 2229 aliter
442 2174 582 2246 Scriptura
605 2174 737 2246 concipit:
767 2171 905 2238 Adduait,
928 2174 1030 2249 inquit,
1055 2175 1116 2230 aaa

94 2258 272 2330 Assyriorum
293 2259 370 2314 viros
393 2260 426 2314 de
450 2259 603 2328 Babylone,
626 2267 652 2313 et
674 2261 707 2313 de
731 2257 835 2322 Cutha,
860 2267 885 2312 et
907 2261 940 2313 ale
962 2259 1065 2323 Haoa,
1089 2267 1116 2315 et

95 2345 124 2400 ae
139 2343 255 2408 Emath,
279 2350 305 2399 et
327 2345 361 2398 de
375 2342 572 2416 sepharvaim.
604 2344 704 2398 Graece
726 2343 772 2405 ita,
803 2338 866 2397 Kal
883 2338 914 2397 ἐκ
929 2336 1039 2411 Χυθὰ,
1063 2337 1115 2398 καὶ

94 2421 153 2485 ἀπὸ
169 2418 289 2497 ssavor,
303 2422 363 2483 »aab
386 2419 446 2486 ἀπὸ
465 2418 594 2502 Alphe,
617 2423 668 2482 καὶ
691 2418 751 2481 ἀπὸ
767 2421 1003 2502 Σεμφαρουαίμ,
1036 2427 1115 2496 Quod

95 2514 125 2570 ad
147 2504 312 2570 Chuthaeas¹
329 2513 433 2578 attinet,
458 2513 590 2585 Iosephus
608 2502 759 2584 Ἀρχαιολ.
772 2513 799 2575 9,
815 2515 859 2574 ta,
882 2527 896 2565 a
913 2511 1027 2577 Ghutha,
1045 2513 1114 2568 Per·
1176 2567 1179 2589 ι
1200 2538 1203 2542 Δ

95 2599 156 2655 aidis
185 2598 313 2671 regione,
344 2607 372 2654 et
400 2598 561 2670 cognomine
589 2595 670 2651 fluvio
698 2595 851 2652 nominatos
881 2595 1003 2651 affirmat.
1048 2597 1116 2655 vite

94 2681 177 2741 Eiiam
200 2682 359 2746 'l'hisbitem
383 2681 514 2739 vocabulo
536 2693 604 2741 maa.
648 2679 688 2735 Ah
710 2680 743 2736 iis
765 2680 846 2744 nihil,
874 2681 985 2754 opinor,
1010 2682 1116 2740 disere-

94 2777 159 2841 pant
179 2762 344 2837 Κουδαῖοι,
365 2767 430 2823 lieet
444 2766 610 2840 Epiphanius
633 2775 771 2831 secernat3
795 2766 846 2821 nisi
870 2767 929 2839 quis
944 2763 1116 2840 Αἶμαθαί-

95 2869 146 2921 ους
168 2853 228 2910 eius
252 2853 313 2908 loeo
336 2852 522 2925 reponendum
545 2858 664 2908 censeat.
695 2850 760 2906 Nam
783 2868 832 2924 pro
852 2843 1115 2926 Ἀναγωγαναιόυς

94 2937 211 2996 sortasse
223 2928 421 3003 Ἀουαναίους
435 2936 531 2992 melius
546 2937 606 3000 erit,
630 2953 680 3008 pro
696 2935 817 3000 Heraeis,
841 2953 901 2992 eum
917 2936 983 2991 LXX
1002 2928 1116 2992 ’Λουὰν

94 3023 223 3081 mebant.
253 3024 288 3078 At
310 3021 431 3094 Scaliger
445 3011 610 3097 Ἀνάγνους
632 3017 662 3074 Γ
661 3016 785 3087 avalone
805 3021 858 3093 leg.
883 3020 1027 3087 ariolatur;
1052 3021 1114 3093 quia

95 3108 155 3168 'Aba
179 3115 245 3163 sunt
261 3097 396 3181 ἄναγνοι,
419 3107 558 3165 obscoeni.
588 3105 687 3161 Verum
702 3108 842 3161 nationum
858 3106 902 3160 hie
917 3105 1034 3169 nomina,
1058 3121 1113 3160 non

93 3207 200 3250 morum
223 3209 254 3248 aa
275 3191 400 3246 vitiorum
422 3191 532 3264 propria
554 3199 810 3246 commemorantur.

180 3279 219 3335 23
236 3294 261 3331 a.
284 3267 423 3352 ’Ἑσὸραν
442 3269 511 3332 τινὰ
534 3267 628 3352 ἱερέα]
661 3274 768 3330 bliriliea
791 3290 881 3329 rerum
904 3283 1113 3346 temporumque

93 3361 274 3436 perturbatio.
304 3360 416 3416 Esdram
439 3360 537 3416 asserit
558 3377 573 3415 a
594 3359 789 3415 Nabuchodon.
812 3358 933 3422 missum,
957 3358 1003 3430 qui
1018 3358 1115 3414 Sama-

93 3448 147 3505 riae
169 3445 320 3520 inquilinos
342 3445 423 3501 llosis
444 3444 533 3518 legem
556 3445 681 3509 deceret,
712 3443 792 3517 idque
814 3458 885 3498 anno
909 3445 948 3500 30
970 3440 1116 3518 babyloni-

93 3549 138 3591 tae
169 3529 332 3605 captivitatis
362 3530 502 3586 accidisse.
546 3529 605 3586 Non
627 3530 733 3585 videtur
754 3527 868 3583 alterum
890 3527 1000 3583 Esdram
1024 3528 1057 3585 ab
1079 3546 1114 3586 eo

92 3616 270 3680 intellexisse,
293 3614 341 3688 qui
362 3614 485 3671 Hecaliae
507 3613 578 3671 silius
601 3614 680 3686 begis
703 3611 790 3669 sariba
813 3611 919 3670 dieitur.
955 3613 1010 3671 Sed
1032 3615 1116 3670 alium
