2534 4154
151 308 191 369 94
304 366 307 371 ,
605 321 718 370 remur

151 477 276 541 vocibus,
306 467 340 533 τὸ
364 468 524 550 λεγόμενον
545 475 677 551 πρῶτον,
701 475 848 532 Sabbatum
870 475 1006 532 hocloco
1029 491 1080 549 pro
1104 492 1169 530 reo·

149 557 252 643 penula,
277 554 326 639 ἕνῃ
349 555 399 615 nal
416 552 476 641 νέᾳ,
500 560 622 634 adeoque
637 561 713 617 lestis
729 561 854 617 omnibns
870 561 996 633 usurpari
1011 559 1168 635 scripserat.

150 646 227 715 Quod
251 655 291 701 est
313 645 469 701 absurdum.
499 646 565 701 Nam
587 645 734 702 Sabbatum
756 644 823 702 illud
843 638 878 702 τὸ
901 635 1062 720 λεγόμενον
1081 645 1169 722 πρῶ-

149 749 211 798 τον,
235 730 307 786 aliud
329 747 389 786 esse
405 730 487 786 debet
501 730 534 786 ab
550 731 691 786 ordinariis
707 730 830 789 Sabbatis
845 747 876 787 ao
890 729 1054 785 Neomeniis.
1083 730 1171 804 Equi-

150 815 380 871 dem'Sabbatum
408 814 474 870 illud
502 817 617 888 primurn
641 832 701 871 esse
724 816 862 889 suspicor.
892 815 1066 870 Neomeniam
1089 814 1170 880 Tisri,

150 918 219 975 qnae
248 901 341 956 maiori
370 917 450 973 quam
479 910 602 956 caeterae
630 917 724 956 omnes
746 901 909 957 Neomeniae
939 899 1014 955 cultu
1043 916 1075 955 ae
1104 899 1172 955 reli·

97 1059 99 1062 ι
149 987 229 1059 gione
252 983 449 1041 celebrabatur.
493 985 576 1041 Erant
604 985 712 1057 quidem
734 985 895 1041 Neomeniae
918 985 1051 1040 mensium
1074 1000 1171 1040 ornnes

149 1071 276 1126 solennes
299 1088 329 1125 ae
351 1071 450 1133 testae,
480 1071 528 1126 sed
550 1079 677 1134 eatenus,
709 1079 738 1126 ut
765 1071 792 1125 in
815 1071 847 1125 iis
870 1070 1013 1142 praecipua
1037 1071 1170 1141 quaedam

150 1172 223 1210 sacra
252 1171 282 1210 ae
311 1155 478 1210 ceremonias
506 1153 629 1219 obirent,
660 1172 715 1211 nou
743 1163 774 1210 ut
796 1154 828 1208 ab
852 1171 934 1227 opere
957 1154 1042 1209 feriati
1066 1161 1170 1208 essent.

150 1239 212 1294 Sola
241 1239 309 1295 Tisri
331 1239 494 1304 Neomenia,
525 1239 598 1312 quod
626 1247 653 1294 et
685 1240 784 1295 festum
813 1238 949 1294 'labarum
979 1238 1171 1310 clangorisque

149 1334 271 1380 vocatum
301 1332 358 1387 est,
389 1336 536 1388 naaman,
568 1322 600 1378 ab
630 1324 717 1379 servili
747 1341 829 1396 opere
856 1323 1013 1379 nominatim
1037 1322 1172 1395 excipitur

149 1409 231 1464 Levit.
250 1411 299 1473 23,
317 1411 366 1466 24.
396 1408 493 1465 Mense
520 1410 650 1480 septimo,
675 1410 772 1480 palma
800 1410 844 1464 die
866 1409 983 1471 mensis,
1014 1409 1068 1462 en't
1090 1407 1194 1462 nobia-

148 1493 310 1559 Sabbatnm‚
332 1495 494 1548 memoriale
516 1494 708 1564 clanpentibns
724 1495 805 1558 tabis,
829 1488 855 1548 et
869 1494 1018 1548 vocabitur
1030 1499 1169 1546 sanatum.

149 1575 235 1633 Omne
258 1594 329 1650 opus
351 1580 454 1634 servile
475 1596 532 1633 non
553 1579 666 1649 facietis
687 1580 717 1633 in
740 1595 772 1632 eo
795 1585 821 1632 et
836 1578 958 1648 offeretis
973 1577 1171 1632 holocaustum

147 1663 275 1718 Domino.
321 1663 409 1731 Quare
438 1663 531 1718 eadem
560 1663 610 1718 fuit
638 1662 710 1718 illius
733 1663 785 1717 diei
807 1663 891 1726 ratio,
921 1678 990 1734 quae
1012 1661 1115 1734 primae
1138 1676 1169 1715 ac

148 1748 282 1804 secundae
303 1749 465 1821 Azymorum
489 1748 680 1811 pentecostes,
708 1747 907 1820 Scenopegiae,
937 1745 1036 1818 quibus
1059 1746 1169 1817 quidem

147 1832 250 1887 nullum
280 1849 349 1905 opus
377 1832 474 1887 servile
496 1833 554 1888 lieri
576 1831 689 1895 licebat,
721 1832 827 1888 tametsi
849 1848 918 1904 quae
941 1830 974 1885 ad
995 1831 1095 1885 vietum
1118 1847 1172 1885 ne-

105 1924 134 1974 65
148 1917 264 1973 cessaria
294 1916 383 1972 loreut
405 1933 566 1989 praeparare
589 1917 627 1972 las
651 1916 709 1971 luit.
755 1917 832 1984 Quod
856 1916 889 1971 de
912 1918 1074 1988 azymorum
1099 1915 1170 1970 testo

149 2002 248 2057 diserte
279 2009 387 2064 cautum
421 2010 462 2056 est
483 2001 566 2057 Exod.
588 2003 693 2064 1216.
721 2001 788 2056 Dies
807 2003 904 2073 prima
927 2002 1102 2055 antennam
1124 2007 1170 2054 at·

80 2104 83 2111 ·
147 2102 199 2158 pne
221 2086 352 2149 solennis,
376 2093 402 2140 et
424 2086 483 2140 dies
496 2088 616 2158 septima
631 2089 728 2141 eadem
740 2086 892 2158 festivitate
907 2086 1088 2140 venerabilis.
1116 2083 1172 2140 Ni·

146 2171 187 2226 ln‘l
217 2172 311 2243 operis
337 2171 451 2242 sectetis
478 2172 509 2226 in
537 2173 591 2235 eis,
622 2172 744 2243 eaoepn's
765 2172 816 2235 iis,
847 2187 919 2243 qnae
941 2172 980 2225 ad
1000 2171 1171 2224 vescendam

145 2257 295 2328 pertinent.
340 2255 463 2311 Sabbatis
486 2273 549 2311 vcro
572 2273 607 2310 ne
630 2272 661 2311 ea
683 2256 791 2328 quidem
812 2273 907 2328 parare
930 2256 968 2310 las
992 2264 1065 2319 erat,
1096 2271 1168 2329 quae

87 2360 91 2367 ·
147 2341 180 2396 ad
201 2342 301 2396 vietum
323 2341 500 2414 pertinerent,
525 2350 555 2396 ut
577 2358 609 2396 en
630 2341 713 2396 Exod.
732 2343 781 2406 21,
799 2342 837 2397 29
862 2351 889 2396 et
914 2343 961 2403 35,
980 2342 996 2396 3
1021 2339 1168 2412 colligitur.

148 2426 211 2482 Vide
235 2426 323 2481 Traet.
347 2441 405 2485 :aa
428 2438 476 2485 nt*
500 2438 620 2490 tantam,
643 2426 669 2480 in
696 2429 722 2482 1.
738 2427 798 2481 Par.
822 2426 867 2480 lad
889 2424 1026 2480 Rambam.
1071 2423 1175 2480 llirum·

147 2520 188 2566 est
218 2512 302 2584 igitur
329 2510 402 2583 quod
425 2510 537 2567 Tertull.
561 2510 607 2566 lib.
631 2528 692 2566 con.
717 2511 830 2566 ludaeos
853 2514 911 2567 c.4
936 2516 1110 2583 praeceptum
1134 2509 1169 2565 de

147 2595 314 2649 observando
338 2594 466 2659 Sabbata,
491 2596 564 2669 quod
586 2595 668 2652 Exod.
687 2598 725 2653 20
750 2605 776 2668 et
799 2596 943 2651 lleuter.5
968 2594 1104 2656 miscitur,
1131 2593 1168 2649 ita

146 2678 278 2750 concipit:
308 2678 446 2735 Memento
469 2681 541 2734 diem
563 2679 753 2735 Sabbatornm
777 2682 955 2753 sanctificare
978 2695 1048 2732 enm.
1081 2675 1170 2733 Omne

148 2778 218 2832 opas
240 2763 342 2816 seruile
364 2780 421 2817 non
442 2763 555 2835 facietis
576 2765 607 2819 in
630 2782 671 2829 eo,
683 2773 886 2837 praeterquam
899 2766 975 2836 quod
990 2765 1029 2818 ad
1043 2765 1170 2818 animam

142 2846 273 2917 pertinet.
304 2845 358 2901 Sed
380 2847 495 2919 primum
518 2848 583 2903 illud
606 2849 639 2904 de
661 2850 763 2920 primae
786 2849 837 2904 diei
859 2866 1016 2921 azymorum
1037 2848 1169 2904 observa·

147 2931 219 2986 tione
243 2946 304 2984 enm
327 2930 412 2985 altero
435 2931 468 2986 de
491 2930 609 2987 Sabbata
632 2933 789 3006 imprudens
811 2934 977 3007 permiscuit.

231 3007 272 3071 ἔτι
297 3008 331 3070 δὲ
352 3009 408 3089 τὴν
427 3009 503 3088 μίαν
525 3012 678 3091 νηστείαν]
701 3018 802 3073 leiunia
825 3018 852 3073 in
868 3017 1053 3074 Hebraeorum
1070 3017 1169 3073 Calen-

145 3101 219 3157 dario
242 3108 373 3157 notantur
389 3101 438 3157 26.
470 3100 523 3156 Sed
546 3118 635 3175 neque
657 3101 734 3164 festa,
758 3119 847 3174 neque
870 3102 903 3157 ab
926 3119 1009 3175 opere
1031 3119 1113 3158 vacua
1136 3119 1168 3158 ac

146 3185 262 3242 Sabbata
285 3185 405 3248 luerunt,
430 3195 539 3258 praeter
566 3189 600 3242 to
624 3186 702 3251 Tisri,
726 3204 780 3260 quo
803 3186 846 3243 die
869 3187 967 3242 testum
982 3201 1094 3262 aaaron
1111 3187 1168 3244 sive

147 3270 305 3343 expiationis
334 3287 395 3326 oum
420 3270 520 3327 ieiunio
544 3271 708 3326 celebratum
732 3281 789 3336 est,
819 3272 902 3327 Levit.
918 3275 966 3336 16,
984 3275 1033 3330 31.
1077 3275 1168 3346 Atque

146 3357 213 3411 haec
236 3363 277 3412 est
299 3346 416 3430 μεγάλη
440 3351 578 3429 νηστεία,
607 3373 687 3428 quam
710 3357 781 3413 inter
804 3356 919 3413 Sabbata
942 3357 1025 3413 relert
1047 3357 1169 3431 Epipha-

145 3440 215 3494 nius.
261 3439 328 3494 'lam
351 3441 422 3496 enim
445 3441 537 3514 operis
558 3441 625 3497 nihil
648 3441 790 3506 faciebant,
813 3460 884 3499 corn.
902 3445 951 3500 29.
996 3443 1034 3498 lle
1057 3442 1164 3499 minore

146 3523 249 3579 leiunio
271 3525 392 3581 nondum
415 3536 516 3582 certam
539 3526 671 3581 rationem
695 3528 820 3600 expedire
843 3528 929 3601 potui.
959 3529 988 3583 ln
1004 3527 1166 3583 llalendario

145 3606 346 3676 Hebraeorum,
370 3612 444 3685 quod
466 3611 593 3685 Sigonius
616 3628 646 3666 ac
669 3611 820 3668 Torniellus
843 3613 999 3678 ediderunt,
1029 3613 1072 3668 die
1094 3613 1167 3668 Adar
