2534 4154
478 313 769 365 ammnvuastoues,
1063 301 1128 363 166

107 466 302 541 cognoscitur:
332 482 393 522 cum
423 476 566 540 praesente
590 468 747 524 Constantio
769 467 877 541 longius
890 464 932 524 ¹ad
954 478 1062 526 noctem
1084 486 1134 526 us-

111 560 168 627 que
190 552 293 625 prolata
317 560 390 608 esset
412 552 445 607 de
468 551 520 607 fide
543 553 689 626 disputatio
712 561 740 608 et
761 554 794 608 ad
817 562 917 609 certam
932 555 1053 627 regulam
1069 571 1135 628 per-

105 638 204 710 ducta,
229 637 347 691 llureum
368 637 541 692 Arethusium
565 637 598 693 ab
620 647 737 712 utraque
757 642 835 711 parte
860 655 921 695 esse
941 637 1092 706 delectum,
1118 657 1134 695 a

111 740 169 797 quo
193 721 346 776 Sirmiensis
369 721 412 776 illa
435 722 548 778 formula
572 723 678 787 (luctata,
703 723 745 778 cui
762 724 837 781 Coss.
859 724 969 797 praefixi
992 734 1065 780 suut.
1096 724 1134 780 llx

113 807 216 882 quibus
239 816 359 880 apparet,
384 807 564 872 Germinium,
589 825 649 863 eum
673 807 803 863 hactenus
826 804 1026 864 anomoeorum
1049 809 1134 882 perli-

111 893 172 949 diae
194 909 255 947 eum
280 891 388 946 Valente
411 901 438 946 et
460 892 565 948 Ursatio
588 893 697 956 luisset,
733 892 894 965 quibuscum
918 895 998 950 etiam
1021 895 1133 949 Husium

110 978 145 1034 ad
169 968 335 1050 dpioovot‘ov
358 988 386 1032 et
406 969 583 1049 ὁμοιουσίου
604 977 737 1032 tollendus
760 995 775 1032 e
796 979 884 1034 medio
900 978 979 1035 voces
994 980 1130 1052 selegerat,
1139 989 1184 1039 321

71 1109 73 1113 .
110 1071 145 1118 ut
168 1064 247 1125 4,1t
280 1060 373 1116 scribit
396 1062 578 1125 sozomenus,
609 1061 641 1117 ab
670 1063 720 1117 illis
750 1063 889 1134 paululum
919 1064 1080 1120 dissensisse
1106 1074 1133 1120 et

112 1151 261 1218 suppressa
284 1147 339 1220 τῆς
361 1139 466 1213 οὐσίας
488 1148 634 1212 inreptione,
659 1147 716 1202 Filii
738 1165 788 1220 per
810 1148 898 1203 omnia
922 1165 982 1204 cum
999 1150 1079 1205 Patre
1095 1149 1134 1206 si·

111 1231 292 1287 militudinem
314 1231 465 1304 agnovisse.

201 1318 261 1373 870
277 1333 301 1372 a.
331 1312 361 1370 Γ
360 1315 509 1393 uppenrod,
534 1308 734 1390 Ὑπατιανοῦ]
780 1315 829 1372 lllii
852 1313 882 1372 Γ
880 1313 1035 1394 appennino.
1080 1320 1133 1375 Sed

110 1395 275 1480 Γερμινίου
297 1401 351 1474 leg.
995 1453 998 1459 ,

200 1487 260 1544 870
275 1485 303 1540 b.
335 1479 542 1560 διηνέχθησαν
563 1470 619 1540 οὖν
640 1477 669 1539 ol
692 1477 798 1559 αὐτοί]
841 1485 954 1543 Basilius
975 1491 1133 1560 ancyranus

110 1571 368 1646 post'Sirmiensem
385 1571 534 1644 synodum,
557 1571 583 1626 in
607 1587 660 1645 qua
683 1579 820 1626 strenuam
843 1572 970 1628 adversus
986 1572 1133 1628 Photinum

111 1673 225 1730 operam
248 1665 397 1720 cavaverat,
420 1656 491 1728 apud
507 1657 699 1728 Imperatorem
723 1657 806 1728 gratia
829 1656 974 1729 plurimum
991 1666 1018 1714 et
1033 1658 1135 1712 autbo-

110 1743 192 1797 ritate
214 1741 305 1796 ualuit.
334 1741 400 1796 Nam
423 1740 455 1795 ab
479 1743 618 1813 Ancyrano
643 1739 762 1797 Concilio
785 1741 817 1797 ad
840 1741 914 1797 illum
937 1743 1068 1816 allegatus
1090 1742 1135 1797 ni-

107 1825 153 1882 ·bil
175 1843 231 1881 nou
253 1825 380 1891 obtinuit,
404 1825 471 1880 adeo
494 1835 525 1880 ut
546 1825 705 1890 Eudoxium,
729 1826 841 1899 eiusque
864 1827 1056 1902 sullragatores
1078 1828 1135 1882 lm-

110 1910 247 1985 peratoris
277 1910 365 1969 edicto
387 1910 558 1983 percelleret.
602 1910 662 1965 llox
684 1911 712 1966 iu
735 1911 895 1967 Ariminensi
918 1922 946 1968 et
968 1912 1135 1969 Seleuciensi

111 1996 223 2070 Synodo
245 1997 441 2068 congregandis
464 1997 622 2069 praecipuas
645 2005 736 2069 partes
759 1996 822 2069 egit.
854 1997 952 2054 Verum
975 1999 1135 2072 paulopost

109 2081 201 2137 Aeacii
222 2080 339 2136 faotione
362 2081 482 2137 deiectus
504 2098 559 2137 nou
582 2081 662 2137 modo
685 2081 857 2154 Imperatoris
880 2084 974 2156 gratia,
999 2083 1047 2139 sod
1068 2082 1135 2155 11ρί-

112 2173 228 2239 seopatu
250 2166 363 2239 iusuper
384 2166 490 2222 excidit.
521 2166 683 2239 Flagrabant
705 2183 755 2240 per
776 2167 819 2222 illa
835 2176 958 2240 tempora
973 2185 1028 2223 non
1045 2167 1134 2222 solum

110 2251 318 2332 interbrianos
349 2259 376 2306 et
398 2251 566 2314 Catholieos,
596 2251 643 2306 sed
673 2252 745 2307 inter
771 2252 845 2324 ipsos
873 2252 985 2308 Arianos
1015 2251 1132 2307 dissidia.

112 2335 234 2405 Quorum
258 2337 326 2391 alnao
347 2335 519 2408 potissimum
541 2335 671 2391 factiones
695 2345 780 2391 erant.
812 2336 923 2404 Quidam
947 2338 1017 2391 enim
1034 2352 1066 2390 ex
1080 2335 1133 2392 illis

111 2421 181 2476 meri
209 2421 342 2493 dogmatis
371 2421 490 2475 lautores
513 2419 595 2483 nihil,
627 2420 699 2491 quod
721 2420 753 2474 ad
777 2412 883 2476 οὐσίαν
905 2430 933 2475 et
954 2420 1132 2476 substantiam

111 2506 246 2580 pertinet,
267 2494 421 2561 ¹commune
452 2521 512 2560 esse
534 2504 601 2559 Filio
630 2520 690 2558 cum
714 2504 793 2560 Patre
820 2505 987 2569 sentiebant,
1017 2506 1133 2578 ideoque

110 2599 167 2646 tam
202 2581 378 2663 dpcoeodotov
415 2607 495 2662 qnam
535 2580 700 2662 ὁμοούσιον
733 2589 928 2661 repudiabant,
966 2608 1016 2647 nec
1050 2591 1132 2646 ullam

112 2674 224 2732 omnino
246 2676 300 2749 τῆς
323 2668 429 2740 οὐσίας
453 2674 618 2730 mentionem
642 2673 834 2740 admittebant,
864 2693 914 2748 pro
938 2692 970 2732 eo
994 2692 1024 2732 ue
1047 2676 1134 2749 pluri·
1240 2744 1243 2749 ι

111 2760 164 2817 bus
187 2762 214 2815 in
237 2760 344 2815 illorum
361 2758 549 2815 conciliabulis
571 2760 819 2824 decretumluerat,
844 2761 956 2819 maxime
971 2763 998 2817 in
1015 2764 1133 2820 secunda
1223 2786 1225 2791 ·

111 2845 253 2901 Sirmiensi
275 2845 404 2910 formula,
434 2862 514 2917 quam
538 2845 592 2899 Osii
616 2854 643 2900 et
664 2844 779 2900 Potamii
801 2844 995 2919 blasphemiam
1018 2847 1133 2902 Hilarius

111 2930 239 3003 appellat.
284 2930 386 2986 Horum
415 2931 549 3004 principes
581 2938 656 2984 eraut
684 2930 836 2997 Eudonius,
867 2933 912 3006 qui
937 2933 1132 2988 Antiochenam

104 3016 205 3071 sedem
222 3025 367 3086 occuparat
381 3016 450 3072 aetii
465 3026 605 3088 patronum,
630 3015 762 3089 Georgius
778 3017 981 3081 Alexandrinus,
1005 3015 1131 3080 lluzoius,

112 3100 158 3173 qui
182 3100 340 3155 Antiochiae
369 3110 433 3172 post
456 3102 662 3156 exantlaoratum
685 3101 820 3156 lleletium
843 3101 972 3156 suffectus
996 3108 1051 3163 est,
1081 3117 1132 3168 nec

111 3201 167 3240 uon
190 3187 303 3240 Aeacius
327 3185 656 3249 Caesariensis,·Uranius
680 3186 741 3259 Tyri
763 3186 922 3258 Episcopus,
946 3185 973 3240 in
986 3184 1131 3240 Occidente

106 3284 175 3327 ¹secero
199 3271 324 3325 Ursaeius
354 3279 380 3324 et
403 3270 514 3335 Valens,
548 3271 716 3335 Germinius,
745 3270 842 3343 aliique
864 3270 1007 3324 innumeri.
1053 3269 1132 3337 Quod

108 3355 184 3412 euim
206 3355 344 3410 Aetianam
368 3355 506 3426 perfidiam
529 3374 590 3411 eum
612 3355 733 3411 Eudoxio
755 3355 867 3410 Aeacius
890 3355 1044 3428 caeterique
1066 3371 1133 3427 pre-

109 3441 291 3514 pugnaverint
326 3449 442 3494 testatur
470 3440 638 3496 Sozomenus
667 3445 695 3503 4,
715 3443 761 3495 11.
805 3440 855 3495 Alii
884 3457 945 3495 vero
975 3457 1007 3495 ex
1037 3440 1132 3495 eodem

102 3526 273 3582 brianonum
303 3542 387 3598 grege
409 3542 423 3578 a
446 3525 569 3597 magistri.
590 3525 632 3580 sui
655 3524 791 3597 impietate
813 3524 952 3597 paululum
976 3525 1132 3581 desciscen-

110 3622 155 3669 tes
183 3601 290 3676 οὐσίας
317 3609 477 3666 vocabulum
508 3618 535 3665 et
557 3611 616 3666 Filii
644 3611 670 3665 in
699 3608 839 3677 omnibus,
870 3611 992 3686 adeoque
1015 3611 1042 3666 in
1063 3610 1133 3668 sub-
