2534 4154
155 301 220 365 238
530 322 532 327 ·
611 313 726 363 rerem

153 473 227 529 illius
248 470 348 526 librum
371 468 518 533 recudent,
547 468 654 524 videant
682 483 735 540 qua
757 462 862 524 ratione
884 476 939 524 tarn
961 465 1067 524 loedam
1089 466 1181 525 labem

103 581 120 625 ,-
156 557 258 621 eluant
282 553 355 628 quod
377 554 456 609 aliter
477 571 557 626 quam
579 562 638 609 toto
662 553 728 617 illo,
742 563 873 626 quantum
896 562 1027 626 quantum
1054 562 1106 619 est,
1130 554 1181 611 de·

154 641 211 698 leto
242 640 330 714 Opere
359 640 490 713 consequi
516 656 571 694 non
599 647 739 712 poterunt.
784 639 854 694 Sunt
883 639 954 694 eninr
984 638 1079 711 capitis
1107 639 1181 696 illius

156 727 282 799 dogmata
310 741 343 780 ex
371 724 455 797 ipsius
485 724 623 779 doetrinae
651 723 801 779 visceribus
829 723 990 796 deprompta
1013 732 1040 779 et
1063 740 1126 780 cum
1148 741 1180 780 ea

156 827 270 884 prorsus
298 809 442 882 implicate.
488 809 540 865 Sed
568 809 620 864 iam
648 808 741 881 paucis
769 807 841 864 illius
863 802 1091 884 παρεγχείρημα
1114 826 1182 882 per·

156 895 331 968 stringamus.
375 894 414 949 Ex
435 894 571 950 Addendis
593 912 620 966 p.
639 893 723 965 458]

244 979 388 1052 [Sequitur
409 979 544 1035 Excursus
567 979 621 1034 Vll.
644 979 686 1034 De
712 979 1084 1034 tessarescaedecatitarum
1097 978 1181 1050 Cyclo

156 1082 183 1138 p.
201 1064 392 1136 ese-ene]
453 1052 459 1066 “

64 1225 65 1228 ¹
243 1152 303 1208 823
316 1167 339 1205 a.
361 1140 419 1231 κζίν
433 1166 464 1204 τε
480 1145 677 1222 πλανηθῶσι]
701 1147 729 1202 Si
744 1147 786 1203 vel
801 1147 959 1203 aberrantes
975 1147 1045 1213 illos,
1070 1148 1118 1220 qui
1134 1148 1180 1204 lu-

156 1234 230 1291 daioe
245 1233 428 1297 celebrabant,
452 1233 551 1289 imitari
565 1232 661 1289 iubent
675 1232 807 1305 Apostoli,
825 1241 899 1288 recte
915 1232 941 1289 id
957 1232 990 1288 ab
997 1232 1127 1288 nudianls
1139 1233 1180 1288 al-

153 1319 238 1377 latum
262 1328 304 1376 est
325 1319 358 1374 ad
381 1319 423 1375 sui
445 1335 477 1374 ac
498 1317 597 1374 ludaiei
612 1317 752 1374 Paschatis
767 1317 940 1390 praesidium.
963 1320 998 1373 Αῑ
1012 1318 1181 1390 Epiphanius

154 1396 221 1462 κατ’
229 1399 406 1477 οἰκονομίαν
414 1412 441 1460 et
452 1403 484 1458 ad
496 1413 605 1476 tempus
617 1402 746 1459 duntaxat
756 1402 910 1458 institutum
922 1403 975 1458 hoc
983 1403 1066 1458 luisse
1074 1411 1180 1460 censet.

240 1485 272 1558 ἐξ
302 1481 404 1546 αὐτῶν
432 1482 466 1544 ἀὲ
493 1490 555 1544 τῶν
579 1483 672 1544 ἐκεῖσε
694 1481 871 1563 τίρημίνιιιν]
917 1488 992 1556 Quae
1015 1497 1180 1562 sequuntur,

154 1574 253 1631 mirum
275 1575 302 1630 in
325 1575 436 1631 modum
459 1573 593 1647 implicata
616 1582 680 1629 sunt
703 1582 730 1628 et
747 1571 872 1628 obscura.
904 1572 1069 1645 Suspicabar
1083 1573 1181 1629 hacte-

152 1677 206 1716 uus
230 1653 389 1716 ἀντίθεσιν
410 1658 496 1722 illam,
527 1658 560 1714 de
583 1676 636 1731 qua
657 1658 793 1730 loquitur,
817 1658 850 1713 de
872 1657 1000 1713 Audianis
1023 1657 1181 1730 intelligen-

154 1744 225 1808 dam,
250 1744 349 1816 quibus
374 1744 604 1799 Constitutionum
627 1744 739 1799 istarum
761 1742 876 1798 Decreta
898 1743 1078 1816 refragantur.
1110 1742 1180 1812 Quid

155 1829 228 1884 enim
256 1829 328 1884 aliud
355 1828 472 1884 lacerem
503 1829 530 1884 iu
559 1838 614 1884 tam
646 1827 760 1901 altrupta
795 1828 986 1900 inconditoque
1022 1825 1180 1883 sententia?

153 1913 255 1967 Verum
282 1913 412 1968 attentius
442 1914 468 1967 iu
498 1930 560 1968 cum
588 1914 679 1968 locum
707 1912 867 1968 incumbens
891 1930 922 1969 ex
945 1911 1180 1986 consequentibus

155 1996 235 2059 didici
258 1997 338 2052 alium
363 2013 424 2052 esse
446 2014 566 2060 sensum,
591 2015 671 2070 quem
694 1996 743 2052 tibi
758 1998 850 2069 paucis
866 2014 1008 2070 exponam.
1040 1996 1107 2052 (lum
1122 2000 1180 2054 nu-

155 2081 228 2139 diani
249 2081 282 2137 ad
304 2081 436 2138 Iudaicam
458 2082 598 2138 Pascbatis
627 2081 853 2138 consuetudinem
875 2081 1066 2138 adstruendam
1087 2082 1179 2139 locum

155 2166 290 2240 quendam
314 2184 346 2223 ex
365 2166 529 2240 Apostoliois
546 2166 791 2222 Constitutionibus
814 2167 1032 2239 proposuissent,
1057 2167 1104 2239 qui
1126 2167 1180 2224 hoc

102 2252 246 2325 292ipsum
268 2252 376 2308 disertis
399 2252 594 2325 conceptisque
616 2251 704 2307 verbis
727 2251 867 2307 testificari
883 2252 1033 2308 videretur:
1057 2251 1179 2325 Epipha-

154 2337 216 2394 nius
238 2337 367 2393 advcrsus
389 2337 457 2411 legis
480 2336 559 2393 verba
582 2337 651 2410 legis
672 2337 807 2393 sententia
829 2337 957 2410 pugnavit
979 2346 1007 2392 et
1022 2336 1055 2392 ad
1070 2345 1179 2411 tempus

154 2417 284 2479 duntaxat
306 2439 337 2478 ac
361 2423 476 2479 tuendae
499 2422 660 2478 concordiae
683 2423 778 2495 gratia,
802 2412 867 2478 κατ’
890 2416 1066 2493 οἰκονομίαν
1080 2421 1179 2478 decre-

86 2554 88 2557 .
153 2516 213 2563 tum
234 2507 302 2563 illud
324 2508 444 2564 extitisse
467 2508 568 2564 docuit.
599 2507 680 2563 Cuius
703 2507 868 2563 defensionis
891 2506 1066 2563 illustrandae
1081 2523 1179 2562 caussa

154 2591 266 2647 alteram
288 2592 384 2649 iisdem
405 2593 433 2648 in
450 2591 695 2649 Constitutionibus
719 2583 896 2671 ἀντινομίαν
920 2600 946 2647 et
962 2591 1118 2647 conflictum
1133 2592 1179 2647 in-

155 2693 216 2732 esse
238 2676 420 2742 demonstrat,
444 2686 579 2750 quatenus
602 2678 721 2733 diversae
745 2677 899 2733 sanctiones
921 2676 973 2741 sibi
995 2676 1109 2733 invicem
1130 2693 1180 2732 re·

154 2776 277 2834 pugnare
298 2761 433 2827 videntur,
457 2779 518 2817 cum
540 2779 632 2818 revera
657 2778 713 2817 non
728 2762 892 2834 discrepent,
916 2761 1009 2816 sinon
1026 2770 1080 2816 tam
1096 2761 1177 2818 verba

154 2861 235 2918 quam
258 2846 421 2902 sententiam
443 2856 561 2919 spectes.
592 2840 721 2921 νοήματι
745 2841 779 2903 δὲ
801 2847 887 2902 πᾶσα
907 2838 926 2921 ἡ
950 2837 1083 2920 ἀλήθεια
1105 2839 1177 2920 ἵστη

151 2931 209 2988 τοῦ
232 2923 435 3006 κηρύγματος.
466 2930 510 2986 Sic
533 2931 604 2986 enim
627 2931 695 2987 haee
717 2931 920 3004 interpretanda
942 2930 1087 2987 credimus.
1128 2931 1178 2987 Est

153 3025 246 3072 autem
269 3015 360 3089 legum
382 3015 427 3071 ille
450 3015 592 3071 oonllietus
616 3016 757 3072 eiusmodi.
795 3016 892 3072 lubent
913 3015 1037 3089 Apostoli
1058 3018 1178 3090 azymo·

153 3117 215 3160 rum
236 3101 296 3174 ipso
319 3101 362 3157 die
383 3101 483 3156 ieiunia
505 3108 533 3156 et
547 3099 685 3174 pervigilia
700 3118 715 3156 a
732 3101 889 3158 Christianis
904 3101 983 3158 obiri.
1013 3101 1096 3156 ltem:
1120 3117 1177 3174 quo

153 3186 192 3243 illi
213 3194 337 3259 tempore
360 3186 486 3243 conviviis
510 3196 538 3242 et
559 3185 739 3241 hilaritatihus
761 3195 865 3251 vacant,
889 3185 984 3260 lugere
1006 3202 1037 3242 ac
1055 3186 1177 3243 ieiunare

154 3270 321 3328 Christianos
345 3281 372 3327 et
395 3280 490 3328 contra
511 3270 668 3344 lugentibus
690 3271 742 3326 illis
765 3271 877 3344 epulari,
901 3288 932 3327 ac
947 3270 1065 3327 laetitiae
1080 3288 1111 3327 se
1127 3271 1177 3329 de-

154 3355 228 3412 dere.
258 3356 316 3412 Alia
337 3373 421 3429 porro
444 3357 487 3413 lex
502 3356 647 3412 Dominicis
662 3355 759 3412 diebus
775 3356 895 3413 ieiunare
911 3355 1049 3429 prohibet.
1073 3356 1177 3425 Quam-

154 3438 249 3496 obrem
278 3441 301 3496 si
329 3441 357 3497 in
379 3442 545 3498 Dominicam
574 3441 677 3515 primus
701 3440 773 3514 apud
795 3441 909 3499 ludaeos
931 3444 1095 3515 basmonum
1118 3441 1175 3498 dies

153 3522 293 3591 inciderit,
322 3543 354 3583 ex
383 3527 529 3600 posteriori
555 3527 617 3600 lege
638 3527 760 3583 ieiunare
781 3526 857 3584 uelas
880 3526 976 3591 luerit,
1005 3527 1079 3599 quod
1101 3527 1179 3600 prior

154 3617 245 3667 umen
267 3612 458 3670 coustitutulio
487 3612 656 3686 praescribit.
701 3611 780 3669 Vides
801 3613 971 3670 manifestem
993 3602 1176 3688 ἀντιλογίαν.
