2534 4154
147 294 188 352 44
602 303 713 352 aarum
808 338 810 345 .

146 463 206 535 ipso
228 460 304 524 loco,
329 459 361 514 de
384 475 436 531 quo
460 458 539 530 paulo
562 466 638 530 post,
663 466 738 513 utar:
762 475 824 513 curn
847 474 870 513 c.
886 461 931 522 ll,
946 461 995 523 46,
1019 458 1052 513 ab
1073 475 1162 530 νομι-

115 590 130 609 ,·
147 540 220 611 κοῦς
247 545 368 600 oratione
397 559 539 606 conversa,
569 544 607 598 ita
635 560 682 599 eos
706 542 828 598 Christus
857 543 988 615 exagitat:
1018 537 1068 598 καὶ
1090 536 1163 616 ὑμῖν

146 634 211 696 τοῖς
229 630 364 702 νομικοῖς
378 620 451 682 οὐαί
456 647 464 683 .·
487 628 556 700 qaia
571 628 696 682 oneratis
710 627 835 683 homines
851 621 990 692 oneribus,
1008 644 1081 699 qaae
1093 645 1163 700 por·

146 723 209 774 tare
229 731 286 769 noa
304 720 433 785 possunt.
457 719 483 767 et
504 713 562 784 ipsi
582 729 638 767 αιιο
660 713 745 782 digito
768 720 860 768 uestro
881 730 938 768 aaa
960 713 1075 783 tangitis
1096 730 1163 769 sar·

147 801 241 865 ciaas,·
265 815 329 854 num
351 799 459 854 tandem
481 797 614 852 actuarios
637 796 761 870 publicos
779 805 805 852 et
820 797 936 873 civilium
951 798 1088 853 actionum
1104 798 1163 854 lor-

146 884 275 948 mularios
296 883 436 946 intellexit,
460 899 491 938 ac
512 899 567 937 nou
583 882 673 954 potius
688 881 767 954 Legis
782 883 948 953 Interpretes
964 899 994 938 ac
1009 881 1162 939 Doctores?

148 969 225 1024 Cum
242 968 400 1041 praesertim
423 966 515 1022 Matth.
534 968 589 1031 23,
620 967 691 1021 idem
713 965 814 1022 Scribis
841 974 868 1022 et
890 967 1057 1032 Pharisaeis,
1089 968 1163 1040 quod

146 1054 218 1127 apud
239 1055 338 1108 Lucam
359 1055 423 1118 τοῖς
444 1053 587 1125 νομικοῖς,
610 1051 746 1106 obiectum
770 1051 819 1113 sit,
841 1068 939 1123 nempe
962 1053 1036 1124 qaod
1057 1053 1163 1124 alliga·

145 1146 208 1194 reat
229 1155 317 1193 oaera
337 1138 448 1208 gravia,
472 1144 497 1191 et
518 1136 720 1209 importabilia,
744 1143 793 1190 etc.
817 1137 903 1206 digito
927 1144 1019 1191 uatem
1032 1152 1085 1191 sao
1100 1139 1163 1193 aol-

146 1225 203 1279 ieat
224 1240 259 1282 aa
280 1238 396 1278 mouere.
428 1222 515 1289 Quare
537 1216 655 1293 νομικοὶ
678 1221 710 1276 ad
732 1220 848 1285 Scribas,
871 1221 913 1276 vel
927 1221 1098 1285 Pharisaeos,
1122 1222 1163 1278 vel

146 1317 277 1380 utrosque
299 1307 444 1380 pertinent.
482 1306 551 1361 Sane
575 1305 621 1377 qui
642 1305 803 1370 Matiana,
822 1307 860 1362 35
884 1299 1007 1378 νομικὸς
1028 1324 1042 1360 a
1065 1315 1162 1364 nostro

104 1435 107 1440 .
145 1393 296 1466 interprete
318 1393 400 1462 Lepis
422 1393 519 1446 doctor
547 1390 659 1454 dicitur,
688 1391 758 1445 idem
780 1391 862 1446 blanci
888 1392 933 1454 12,
952 1392 1001 1455 28,
1031 1379 1073 1457 εἷς
1101 1391 1164 1448 τοῖν

107 1507 109 1511 ·
144 1475 176 1533 Γ
174 1471 359 1555 ραμμασὲιον
379 1476 542 1533 nominatur.
571 1468 666 1548 Atque¹
682 1475 749 1530 adeo
772 1474 883 1530 Tertull.
907 1492 968 1530 con.
984 1474 1064 1530 Marc.
1082 1478 1160 1540 4,27

145 1555 295 1635 νομικοὺς,
319 1578 434 1634 quorum
457 1561 484 1614 in
506 1559 558 1614 illo'
574 1577 597 1614 c.
616 1563 646 1614 ll
674 1560 759 1615 Lucas
781 1560 911 1623 meminit,
936 1559 1013 1631 Legis
1030 1559 1163 1617 Doctores

145 1648 347 1720 interpretatur.
377 1645 446 1700 Alibi
470 1661 532 1699 vero
554 1644 653 1716 passim
669 1644 792 1716 vulgatus
808 1645 945 1716 luterpres
961 1636 1084 1716 νομικὸν
1100 1663 1163 1702 ver·
1195 1654 1197 1659 '

145 1733 177 1787 tit
199 1731 398 1802 teatsperttam.
429 1729 503 1784 Unde
526 1746 657 1801 persaepe
681 1725 797 1800 νομικοὶ
820 1746 881 1784 curn
899 1728 1050 1784 Pharisaeis
1073 1748 1163 1802 copu-

144 1815 242 1879 lantur,
266 1823 297 1869 ut
318 1815 382 1869 Luc.
402 1817 445 1877 14,
465 1817 492 1871 3.
522 1813 558 1868 at
579 1815 749 1884 responaens
771 1807 945 1869 lesas'iiait
967 1815 1006 1869 ad
1027 1814 1162 1886 Lepispe·

100 1911 103 1919 ’
143 1901 220 1962 ritas,
244 1908 269 1952 et
291 1899 479 1953 Pharisaeos:
504 1898 603 1953 Graece
626 1889 698 1964 τούς
718 1889 875 1971 νομικούςε
899 1907 926 1953 et
950 1903 977 1963 l,
997 1902 1045 1956 30.
1072 1891 1111 1954 Oi
1128 1892 1162 1956 at

146 1979 320 2057 Φαρισαῖοι,
344 1977 393 2037 καὶ
417 1975 444 2036 oi
461 1977 586 2055 νομικοί.
618 1983 668 2051 Qui
686 1986 773 2047 5,ll,
800 1982 966 2059 Φαρισαῖοι
989 1980 1038 2037 καὶ
1066 2002 1162 2056 νομο-

144 2059 322 2123 διδάσκαλοι
344 2075 480 2122 vocantur.
516 2068 604 2135 Quare
628 2061 744 2139 νομικοὶ
769 2084 783 2122 a
805 2061 1082 2139 νομοδιδασκάλοις
1104 2086 1161 2124 uon

143 2152 310 2225 discrepant;
339 2152 473 2224 iidemque
495 2153 573 2225 Legis
596 2153 761 2224 Interpretes
784 2160 862 2218 sunt,
886 2162 923 2208 nt
945 2161 973 2208 et
994 2153 1077 2209 Bezae
1100 2154 1162 2226 pla·

143 2237 213 2303 cuit;
243 2246 270 2292 et
298 2237 470 2301 salsissimum
493 2245 534 2292 est
557 2228 628 2303 τοὺς
649 2230 793 2309 νομικοὺς
814 2239 923 2310 proprie
946 2238 1016 2294 circa
1039 2239 1161 2294 actiones

142 2323 231 2379 civiles
253 2340 283 2379 ac
305 2322 433 2377 lormulas
456 2322 590 2394 occupari.
635 2323 687 2377 Par
715 2330 756 2376 est
778 2321 905 2395 Scaligeri
928 2322 1065 2384 delirium,
1096 2340 1161 2378 cum

142 2407 249 2480 Scribas
277 2407 370 2481 populi
398 2408 436 2462 sic
459 2425 473 2462 a
496 2407 596 2463 Scribis
618 2407 686 2480 legis
709 2408 841 2472 secernit,
872 2415 903 2462 ut
924 2407 959 2463 illi
983 2408 1095 2463 actuarii
1118 2407 1160 2464 vel

141 2502 246 2548 actores
270 2493 369 2565 publici
391 2492 500 2548 luerint.
531 2493 636 2565 Quippe
658 2492 752 2547 Mattb.
771 2493 797 2557 2,
816 2495 844 2557 4,
869 2492 999 2556 Herodes,
1024 2510 1085 2547 cum
1101 2492 1160 2547 bla-

140 2592 236 2648 gorum
265 2578 408 2633 adveutum
437 2586 465 2632 et
487 2577 585 2632 Christi
613 2577 778 2634 nativitatem
806 2577 969 2641 inaudisset,
1000 2586 1031 2632 ut
1052 2595 1107 2649 quo
1131 2577 1159 2633 iu

139 2659 199 2714 lacu
224 2660 345 2716 Christus
369 2670 526 2716 nasceretur
547 2662 712 2734 inquireret,
741 2661 888 2733 Principes
911 2660 1108 2726 Sacerdotem,
1133 2668 1160 2716 ei

139 2742 254 2798 Scribas
272 2746 374 2816 papali
395 2754 534 2810 convocat,
559 2753 702 2802 eteorum
724 2763 885 2817 responsum
902 2747 1011 2818 expetit.
1043 2747 1159 2814 Quinam

138 2827 221 2899 igitur
249 2827 306 2882 alii,
322 2845 382 2883 esse
409 2837 525 2899 possunt
552 2847 632 2903 quam
654 2829 733 2901 Legis
761 2830 924 2901 interpretes
954 2839 981 2884 et
1003 2829 1158 2887 Doctores‘l

140 2911 218 2969 Certe
241 2929 295 2967 non
317 2912 354 2967 illi
376 2913 543 2984 pragmatici,
567 2922 613 2969 aut
635 2913 793 2977 formularii,
818 2913 872 2967 sive
895 2914 1007 2968 actuarii
1029 2915 1155 2973 luerunt:
1198 2979 1203 2986 .

139 3013 208 3068 quos
230 3013 309 3052 nemo
332 2998 364 3052 de
386 3013 416 3051 re
439 3004 512 3052 tanta
535 3015 566 3052 ac
588 3006 641 3052 tam
664 2997 802 3052 recondita
825 2997 996 3063 consuleret,
1021 2999 1053 3053 ad
1076 3017 1157 3074 quam

139 3081 241 3138 scilicet
268 3080 469 3154 intelligendam
497 3081 752 3155 disceptandamque
775 3098 829 3136 non
852 3083 995 3138 mediocris
1018 3102 1158 3141 sacrarum

137 3166 276 3227 literarum
298 3183 364 3221 usus
386 3183 416 3222 ae
438 3166 550 3223 scientia
571 3168 733 3239 requiratur.
776 3168 853 3235 Quod
875 3168 909 3222 ad
923 3169 1010 3224 Lucae
1031 3170 1157 3225 testimo-

62 3253 63 3258 ’
138 3251 212 3308 nium
235 3251 300 3309 illucl
322 3251 426 3318 attinet,
450 3255 533 3317 cll,
558 3251 694 3324 singulare
717 3252 807 3307 estin
831 3269 863 3307 eo
886 3252 1027 3324 quiddam;
1051 3255 1155 3328 dequo

137 3337 244 3402 nullus,
274 3346 404 3410 quantum
434 3336 503 3412 scire
531 3354 657 3409 possum,
688 3337 826 3410 laterpres
855 3337 1003 3394 admonuit.
1048 3339 1155 3395 Etenim
1201 3385 1203 3393 ,

139 3421 239 3478 Graece
266 3422 301 3478 ita
330 3422 444 3495 legitur:
477 3411 556 3478 Οὐαὶ
587 3414 659 3494 ὑμῖν
680 3418 710 3477 Γ
708 3424 879 3498 ραμμασεῖς
906 3418 956 3478 καὶ
989 3422 1155 3500 Φαρισαῖοι

137 3496 309 3582 ὑποκριταὶ,
332 3523 428 3563 comm.
442 3509 490 3572 44,
514 3506 587 3581 quod
610 3515 638 3562 et
659 3507 751 3567 Latina
772 3507 920 3565 bibliorum
942 3508 1088 3581 Regiorum
1110 3508 1157 3563 ia-

104 3615 108 3633 -·
129 3582 295 3662 ,terpretatio
318 3593 426 3661 retinet.
466 3594 501 3648 At
521 3592 552 3654 iu¹
572 3591 671 3648 Latinis
694 3591 752 3648 aliis
775 3592 973 3659 codicibus-et
995 3593 1067 3666 apud
1088 3595 1155 3661 Am-
