<?xml version="1.0" encoding="UTF-8"?>
<!DOCTYPE html PUBLIC "-//W3C//DTD XHTML 1.0 Transitional//EN"
    "http://www.w3.org/TR/xhtml1/DTD/xhtml1-transitional.dtd">
<html xmlns="http://www.w3.org/1999/xhtml" xml:lang="en" lang="en">
 <head>
  <title>
</title>
<meta http-equiv="Content-Type" content="text/html;charset=utf-8" />
  <meta name='ocr-system' content='tesseract 3.04.00' />
  <meta name='ocr-capabilities' content='ocr_page ocr_carea ocr_par ocr_line ocrx_word'/>
</head>
<body>
  <div class='ocr_page' id='page_1' title='image "./epiphaniiepisco00epipgoog_0297.png"; bbox 0 0 2534 4154; ppageno 0'>
   <div class='ocr_carea' id='block_1_1' title="bbox 168 317 758 393">
    <p class='ocr_par' dir='ltr' id='par_1_1' title="bbox 168 317 758 393">
     <span class='ocr_line' id='line_1_1' title="bbox 168 317 758 393; baseline 0.012 -15"><span class='ocrx_word' id='word_1_1' title='bbox 168 317 227 393; x_wconf 69' lang='grc'>192</span> <span class='ocrx_word' id='word_1_2' title='bbox 620 328 735 385; x_wconf 77' lang='lat' dir='ltr'>PETAt&#39;tl</span> <span class='ocrx_word' id='word_1_3' title='bbox 756 364 758 369; x_wconf 66' lang='grc'><strong><em>«</em></strong></span> 
     </span>
    </p>
   </div>
   <div class='ocr_carea' id='block_1_2' title="bbox 113 483 1196 3276">
    <p class='ocr_par' dir='ltr' id='par_1_2' title="bbox 113 483 1196 3276">
     <span class='ocr_line' id='line_1_2' title="bbox 163 483 1191 558; baseline 0.001 -18"><span class='ocrx_word' id='word_1_4' title='bbox 163 484 292 555; x_wconf 85' lang='lat' dir='ltr'>¹dentibus</span> <span class='ocrx_word' id='word_1_5' title='bbox 314 485 480 558; x_wconf 74' lang='lat' dir='ltr'>argumentis</span> <span class='ocrx_word' id='word_1_6' title='bbox 503 484 592 557; x_wconf 87' lang='lat' dir='ltr'>possit</span> <span class='ocrx_word' id='word_1_7' title='bbox 612 483 728 540; x_wconf 85' lang='lat' dir='ltr'>ostendi.</span> <span class='ocrx_word' id='word_1_8' title='bbox 768 483 835 540; x_wconf 89' lang='lat' dir='ltr'>Nam</span> <span class='ocrx_word' id='word_1_9' title='bbox 857 484 925 539; x_wconf 90' lang='lat' dir='ltr'>haec</span> <span class='ocrx_word' id='word_1_10' title='bbox 945 483 974 539; x_wconf 92' lang='lat' dir='ltr'>in</span> <span class='ocrx_word' id='word_1_11' title='bbox 997 483 1097 557; x_wconf 85' lang='lat' dir='ltr'>&#39;lyram</span> <span class='ocrx_word' id='word_1_12' title='bbox 1120 499 1191 557; x_wconf 88' lang='lat' dir='ltr'>pro·</span> 
     </span>
     <span class='ocr_line' id='line_1_3' title="bbox 161 567 1188 643; baseline -0.004 -14"><span class='ocrx_word' id='word_1_13' title='bbox 161 569 247 629; x_wconf 81' lang='lat' dir='ltr'>lectio</span> <span class='ocrx_word' id='word_1_14' title='bbox 276 569 404 642; x_wconf 88' lang='lat' dir='ltr'>contigit,</span> <span class='ocrx_word' id='word_1_15' title='bbox 433 577 464 625; x_wconf 87' lang='lat' dir='ltr'>ut</span> <span class='ocrx_word' id='word_1_16' title='bbox 491 577 608 624; x_wconf 89' lang='lat' dir='ltr'>testatur</span> <span class='ocrx_word' id='word_1_17' title='bbox 628 567 810 642; x_wconf 74' lang='lat' dir='ltr'>Epiphanius,</span> <span class='ocrx_word' id='word_1_18' title='bbox 839 577 903 641; x_wconf 93' lang='lat' dir='ltr'>post</span> <span class='ocrx_word' id='word_1_19' title='bbox 924 568 1048 641; x_wconf 76' lang='lat' dir='ltr'>origenis</span> <span class='ocrx_word' id='word_1_20' title='bbox 1069 569 1188 643; x_wconf 86' lang='lat' dir='ltr'>lapsum.</span> 
     </span>
     <span class='ocr_line' id='line_1_4' title="bbox 163 650 1188 727; baseline -0.004 -14"><span class='ocrx_word' id='word_1_21' title='bbox 163 671 228 713; x_wconf 84' lang='lat' dir='ltr'>oum</span> <span class='ocrx_word' id='word_1_22' title='bbox 257 655 309 710; x_wconf 87' lang='lat' dir='ltr'>iarn</span> <span class='ocrx_word' id='word_1_23' title='bbox 337 653 485 727; x_wconf 74' lang='lat' dir='ltr'>Presbyter</span> <span class='ocrx_word' id='word_1_24' title='bbox 515 654 655 710; x_wconf 89' lang='lat' dir='ltr'>ordinatus</span> <span class='ocrx_word' id='word_1_25' title='bbox 685 662 767 710; x_wconf 90' lang='lat' dir='ltr'>esset.</span> <span class='ocrx_word' id='word_1_26' title='bbox 811 653 871 709; x_wconf 88' lang='lat' dir='ltr'>Non</span> <span class='ocrx_word' id='word_1_27' title='bbox 901 653 967 709; x_wconf 90' lang='lat' dir='ltr'>illud</span> <span class='ocrx_word' id='word_1_28' title='bbox 995 650 1047 711; x_wconf 79' lang='lat' dir='ltr'>inm</span> <span class='ocrx_word' id='word_1_29' title='bbox 1075 663 1188 726; x_wconf 87' lang='lat' dir='ltr'>repeto:</span> 
     </span>
     <span class='ocr_line' id='line_1_5' title="bbox 164 737 1191 813; baseline -0.002 -16"><span class='ocrx_word' id='word_1_30' title='bbox 164 739 290 813; x_wconf 77' lang='lat' dir='ltr'>‚Origenis</span> <span class='ocrx_word' id='word_1_31' title='bbox 312 739 490 797; x_wconf 75' lang='lat' dir='ltr'>calamitatem</span> <span class='ocrx_word' id='word_1_32' title='bbox 512 738 596 796; x_wconf 84' lang='lat' dir='ltr'>videri</span> <span class='ocrx_word' id='word_1_33' title='bbox 618 754 650 794; x_wconf 86' lang='lat' dir='ltr'>ex</span> <span class='ocrx_word' id='word_1_34' title='bbox 671 737 814 812; x_wconf 88' lang='lat' dir='ltr'>Epiphanii</span> <span class='ocrx_word' id='word_1_35' title='bbox 835 747 927 795; x_wconf 87' lang='lat' dir='ltr'>mente</span> <span class='ocrx_word' id='word_1_36' title='bbox 951 737 1001 795; x_wconf 91' lang='lat' dir='ltr'>sub</span> <span class='ocrx_word' id='word_1_37' title='bbox 1025 739 1106 794; x_wconf 81' lang='lat' dir='ltr'>llario</span> <span class='ocrx_word' id='word_1_38' title='bbox 1127 738 1191 795; x_wconf 81' lang='lat' dir='ltr'>col·</span> 
     </span>
     <span class='ocr_line' id='line_1_6' title="bbox 163 821 1190 897; baseline -0.003 -14"><span class='ocrx_word' id='word_1_39' title='bbox 163 823 315 897; x_wconf 75' lang='lat' dir='ltr'>locandam,</span> <span class='ocrx_word' id='word_1_40' title='bbox 337 825 431 897; x_wconf 80' lang='lat' dir='ltr'>paucis</span> <span class='ocrx_word' id='word_1_41' title='bbox 453 831 516 880; x_wconf 91' lang='lat' dir='ltr'>ante</span> <span class='ocrx_word' id='word_1_42' title='bbox 538 823 610 879; x_wconf 88' lang='lat' dir='ltr'>dlins</span> <span class='ocrx_word' id='word_1_43' title='bbox 633 821 737 879; x_wconf 89' lang='lat' dir='ltr'>obitum</span> <span class='ocrx_word' id='word_1_44' title='bbox 760 823 847 881; x_wconf 87' lang='lat' dir='ltr'>annis.</span> <span class='ocrx_word' id='word_1_45' title='bbox 888 823 1034 896; x_wconf 80' lang='lat' dir='ltr'>Fingamus</span> <span class='ocrx_word' id='word_1_46' title='bbox 1056 824 1103 879; x_wconf 91' lang='lat' dir='ltr'>diu</span> <span class='ocrx_word' id='word_1_47' title='bbox 1125 832 1190 881; x_wconf 88' lang='lat' dir='ltr'>autc</span> 
     </span>
     <span class='ocr_line' id='line_1_7' title="bbox 163 907 1191 982; baseline 0.002 -17"><span class='ocrx_word' id='word_1_48' title='bbox 163 909 342 982; x_wconf 65' lang='lat' dir='ltr'>aurugine„</span> <span class='ocrx_word' id='word_1_49' title='bbox 365 909 424 965; x_wconf 87' lang='lat' dir='ltr'>uuo</span> <span class='ocrx_word' id='word_1_50' title='bbox 447 925 479 965; x_wconf 89' lang='lat' dir='ltr'>ex</span> <span class='ocrx_word' id='word_1_51' title='bbox 500 907 618 964; x_wconf 89' lang='lat' dir='ltr'>Eusebio</span> <span class='ocrx_word' id='word_1_52' title='bbox 642 916 716 965; x_wconf 85' lang='lat' dir='ltr'>certa</span> <span class='ocrx_word' id='word_1_53' title='bbox 738 917 817 964; x_wconf 90' lang='lat' dir='ltr'>sunt:</span> <span class='ocrx_word' id='word_1_54' title='bbox 842 908 986 981; x_wconf 86' lang='lat' dir='ltr'>Origenem</span> <span class='ocrx_word' id='word_1_55' title='bbox 1007 925 1042 964; x_wconf 88' lang='lat' dir='ltr'>en</span> <span class='ocrx_word' id='word_1_56' title='bbox 1064 917 1191 981; x_wconf 83' lang='lat' dir='ltr'>tenpore</span> 
     </span>
     <span class='ocr_line' id='line_1_8' title="bbox 163 992 1192 1067; baseline -0.004 -14"><span class='ocrx_word' id='word_1_57' title='bbox 163 994 359 1067; x_wconf 77' lang='lat' dir='ltr'>Presbyterum</span> <span class='ocrx_word' id='word_1_58' title='bbox 383 993 530 1051; x_wconf 80' lang='lat' dir='ltr'>Caesareae</span> <span class='ocrx_word' id='word_1_59' title='bbox 552 1009 614 1049; x_wconf 89' lang='lat' dir='ltr'>esse</span> <span class='ocrx_word' id='word_1_60' title='bbox 636 992 746 1056; x_wconf 85' lang='lat' dir='ltr'>lactum,</span> <span class='ocrx_word' id='word_1_61' title='bbox 772 1008 827 1066; x_wconf 92' lang='lat' dir='ltr'>qno</span> <span class='ocrx_word' id='word_1_62' title='bbox 849 992 967 1049; x_wconf 83' lang='lat' dir='ltr'>zebinus</span> <span class='ocrx_word' id='word_1_63' title='bbox 982 992 1091 1053; x_wconf 83' lang='lat' dir='ltr'>Phileto</span> <span class='ocrx_word' id='word_1_64' title='bbox 1112 1010 1192 1051; x_wconf 87' lang='lat' dir='ltr'>mor·</span> 
     </span>
     <span class='ocr_line' id='line_1_9' title="bbox 165 1077 1191 1151; baseline -0.001 -16"><span class='ocrx_word' id='word_1_65' title='bbox 165 1087 214 1139; x_wconf 90' lang='lat' dir='ltr'>tuo</span> <span class='ocrx_word' id='word_1_66' title='bbox 237 1079 431 1137; x_wconf 80' lang='lat' dir='ltr'>Antiochenam</span> <span class='ocrx_word' id='word_1_67' title='bbox 454 1078 547 1135; x_wconf 89' lang='lat' dir='ltr'>sedem</span> <span class='ocrx_word' id='word_1_68' title='bbox 570 1077 703 1142; x_wconf 81' lang='lat' dir='ltr'>obtinuit,</span> <span class='ocrx_word' id='word_1_69' title='bbox 727 1094 789 1134; x_wconf 89' lang='lat' dir='ltr'>cum</span> <span class='ocrx_word' id='word_1_70' title='bbox 810 1079 838 1134; x_wconf 92' lang='lat' dir='ltr'>in</span> <span class='ocrx_word' id='word_1_71' title='bbox 862 1078 1000 1135; x_wconf 82' lang='lat' dir='ltr'>Graeciam</span> <span class='ocrx_word' id='word_1_72' title='bbox 1021 1095 1072 1151; x_wconf 84' lang='lat' dir='ltr'>per</span> <span class='ocrx_word' id='word_1_73' title='bbox 1094 1077 1191 1136; x_wconf 86' lang='lat' dir='ltr'>Palae·</span> 
     </span>
     <span class='ocr_line' id='line_1_10' title="bbox 163 1163 1192 1237; baseline -0.004 -14"><span class='ocrx_word' id='word_1_74' title='bbox 163 1165 263 1236; x_wconf 80' lang='lat' dir='ltr'>stinam</span> <span class='ocrx_word' id='word_1_75' title='bbox 286 1164 339 1219; x_wconf 91' lang='lat' dir='ltr'>iter</span> <span class='ocrx_word' id='word_1_76' title='bbox 360 1164 470 1236; x_wconf 86' lang='lat' dir='ltr'>laceret,</span> <span class='ocrx_word' id='word_1_77' title='bbox 494 1163 567 1235; x_wconf 90' lang='lat' dir='ltr'>quod</span> <span class='ocrx_word' id='word_1_78' title='bbox 591 1165 666 1227; x_wconf 80' lang='lat' dir='ltr'>6,ll</span> <span class='ocrx_word' id='word_1_79' title='bbox 690 1171 791 1220; x_wconf 83' lang='lat' dir='ltr'>narrat.</span> <span class='ocrx_word' id='word_1_80' title='bbox 826 1163 894 1219; x_wconf 89' lang='lat' dir='ltr'>ltem</span> <span class='ocrx_word' id='word_1_81' title='bbox 917 1172 981 1237; x_wconf 92' lang='lat' dir='ltr'>post</span> <span class='ocrx_word' id='word_1_82' title='bbox 1002 1178 1105 1219; x_wconf 88' lang='lat' dir='ltr'>annum</span> <span class='ocrx_word' id='word_1_83' title='bbox 1124 1163 1192 1221; x_wconf 87' lang='lat' dir='ltr'>Ale-</span> 
     </span>
     <span class='ocr_line' id='line_1_11' title="bbox 166 1247 1190 1321; baseline -0.001 -17"><span class='ocrx_word' id='word_1_84' title='bbox 166 1248 260 1311; x_wconf 78' lang='lat' dir='ltr'>xandri</span> <span class='ocrx_word' id='word_1_85' title='bbox 283 1248 415 1305; x_wconf 89' lang='lat' dir='ltr'>decimum</span> <span class='ocrx_word' id='word_1_86' title='bbox 432 1248 589 1309; x_wconf 75' lang='lat' dir='ltr'>Caesaream</span> <span class='ocrx_word' id='word_1_87' title='bbox 611 1247 810 1321; x_wconf 78' lang='lat' dir='ltr'>profugientem</span> <span class='ocrx_word' id='word_1_88' title='bbox 826 1247 926 1304; x_wconf 85' lang='lat' dir='ltr'>ibidem</span> <span class='ocrx_word' id='word_1_89' title='bbox 941 1247 1041 1305; x_wconf 89' lang='lat' dir='ltr'>diutius</span> <span class='ocrx_word' id='word_1_90' title='bbox 1057 1248 1190 1307; x_wconf 82' lang='lat' dir='ltr'>haesisse.</span> 
     </span>
     <span class='ocr_line' id='line_1_12' title="bbox 165 1329 1192 1408; baseline 0.001 -20"><span class='ocrx_word' id='word_1_91' title='bbox 165 1334 245 1408; x_wconf 74' lang='lat' dir='ltr'>Apud</span> <span class='ocrx_word' id='word_1_92' title='bbox 268 1332 415 1391; x_wconf 80' lang='lat' dir='ltr'>Eusebium</span> <span class='ocrx_word' id='word_1_93' title='bbox 438 1333 465 1388; x_wconf 92' lang='lat' dir='ltr'>in</span> <span class='ocrx_word' id='word_1_94' title='bbox 488 1329 622 1389; x_wconf 88' lang='lat' dir='ltr'>Chronico</span> <span class='ocrx_word' id='word_1_95' title='bbox 644 1330 770 1389; x_wconf 89' lang='lat' dir='ltr'>Zebenns</span> <span class='ocrx_word' id='word_1_96' title='bbox 797 1342 860 1405; x_wconf 89' lang='lat' dir='ltr'>post</span> <span class='ocrx_word' id='word_1_97' title='bbox 881 1332 1018 1389; x_wconf 77' lang='lat' dir='ltr'>Philebum</span> <span class='ocrx_word' id='word_1_98' title='bbox 1040 1333 1192 1391; x_wconf 85' lang='lat' dir='ltr'>Antiocho-</span> 
     </span>
     <span class='ocr_line' id='line_1_13' title="bbox 166 1417 1193 1492; baseline 0 -17"><span class='ocrx_word' id='word_1_99' title='bbox 166 1437 220 1481; x_wconf 85' lang='lat' dir='ltr'>nus</span> <span class='ocrx_word' id='word_1_100' title='bbox 243 1419 393 1492; x_wconf 76' lang='lat' dir='ltr'>Episcopus</span> <span class='ocrx_word' id='word_1_101' title='bbox 420 1417 508 1475; x_wconf 86' lang='lat' dir='ltr'>lactus</span> <span class='ocrx_word' id='word_1_102' title='bbox 537 1426 594 1483; x_wconf 89' lang='lat' dir='ltr'>est,</span> <span class='ocrx_word' id='word_1_103' title='bbox 623 1434 695 1474; x_wconf 90' lang='lat' dir='ltr'>anno</span> <span class='ocrx_word' id='word_1_104' title='bbox 716 1417 860 1477; x_wconf 81' lang='lat' dir='ltr'>Alexandri</span> <span class='ocrx_word' id='word_1_105' title='bbox 883 1420 916 1482; x_wconf 83' lang='lat'>7,</span> <span class='ocrx_word' id='word_1_106' title='bbox 946 1418 993 1492; x_wconf 84' lang='lat' dir='ltr'>qui</span> <span class='ocrx_word' id='word_1_107' title='bbox 1022 1425 1065 1475; x_wconf 81' lang='lat' dir='ltr'>est</span> <span class='ocrx_word' id='word_1_108' title='bbox 1091 1417 1193 1478; x_wconf 76' lang='lat' dir='ltr'>Christi</span> 
     </span>
     <span class='ocr_line' id='line_1_14' title="bbox 164 1502 1191 1576; baseline -0.003 -13"><span class='ocrx_word' id='word_1_109' title='bbox 164 1505 240 1576; x_wconf 74' lang='lat'>228,</span> <span class='ocrx_word' id='word_1_110' title='bbox 271 1520 332 1559; x_wconf 89' lang='lat' dir='ltr'>cum</span> <span class='ocrx_word' id='word_1_111' title='bbox 361 1504 492 1576; x_wconf 80' lang='lat' dir='ltr'>Origenes</span> <span class='ocrx_word' id='word_1_112' title='bbox 523 1518 625 1558; x_wconf 88' lang='lat' dir='ltr'>annum</span> <span class='ocrx_word' id='word_1_113' title='bbox 645 1510 740 1575; x_wconf 89' lang='lat' dir='ltr'>ageret</span> <span class='ocrx_word' id='word_1_114' title='bbox 763 1505 818 1561; x_wconf 77' lang='lat'>43:</span> <span class='ocrx_word' id='word_1_115' title='bbox 851 1519 939 1559; x_wconf 89' lang='lat' dir='ltr'>annus</span> <span class='ocrx_word' id='word_1_116' title='bbox 971 1519 1036 1559; x_wconf 91' lang='lat' dir='ltr'>vero</span> <span class='ocrx_word' id='word_1_117' title='bbox 1069 1502 1191 1561; x_wconf 82' lang='lat' dir='ltr'>decimus</span> 
     </span>
     <span class='ocr_line' id='line_1_15' title="bbox 165 1587 1194 1660; baseline -0.002 -13"><span class='ocrx_word' id='word_1_118' title='bbox 165 1589 326 1654; x_wconf 76' lang='lat' dir='ltr'>Alexandri,</span> <span class='ocrx_word' id='word_1_119' title='bbox 351 1588 450 1644; x_wconf 87' lang='lat' dir='ltr'>Christi</span> <span class='ocrx_word' id='word_1_120' title='bbox 472 1596 515 1644; x_wconf 88' lang='lat' dir='ltr'>est</span> <span class='ocrx_word' id='word_1_121' title='bbox 538 1589 614 1651; x_wconf 79' lang='lat'>231,</span> <span class='ocrx_word' id='word_1_122' title='bbox 645 1587 769 1660; x_wconf 87' lang='lat' dir='ltr'>Origenis</span> <span class='ocrx_word' id='word_1_123' title='bbox 792 1589 848 1653; x_wconf 77' lang='grc'>46;</span> <span class='ocrx_word' id='word_1_124' title='bbox 877 1587 1024 1660; x_wconf 80' lang='lat' dir='ltr'>aquoad</span> <span class='ocrx_word' id='word_1_125' title='bbox 1048 1587 1108 1643; x_wconf 89' lang='lat' dir='ltr'>eius</span> <span class='ocrx_word' id='word_1_126' title='bbox 1130 1587 1194 1645; x_wconf 79' lang='lat' dir='ltr'>obt-</span> 
     </span>
     <span class='ocr_line' id='line_1_16' title="bbox 165 1671 1191 1746; baseline -0.003 -15"><span class='ocrx_word' id='word_1_127' title='bbox 165 1683 240 1738; x_wconf 82' lang='lat' dir='ltr'>tum,</span> <span class='ocrx_word' id='word_1_128' title='bbox 265 1674 312 1746; x_wconf 91' lang='lat' dir='ltr'>qui</span> <span class='ocrx_word' id='word_1_129' title='bbox 334 1690 405 1730; x_wconf 89' lang='lat' dir='ltr'>anno</span> <span class='ocrx_word' id='word_1_130' title='bbox 428 1672 526 1730; x_wconf 89' lang='lat' dir='ltr'>Christi</span> <span class='ocrx_word' id='word_1_131' title='bbox 551 1674 612 1731; x_wconf 79' lang='lat'>254</span> <span class='ocrx_word' id='word_1_132' title='bbox 635 1671 746 1736; x_wconf 87' lang='lat' dir='ltr'>accidit,</span> <span class='ocrx_word' id='word_1_133' title='bbox 774 1672 837 1729; x_wconf 90' lang='lat' dir='ltr'>anni</span> <span class='ocrx_word' id='word_1_134' title='bbox 859 1681 924 1727; x_wconf 90' lang='lat' dir='ltr'>sunt</span> <span class='ocrx_word' id='word_1_135' title='bbox 945 1688 1000 1729; x_wconf 92' lang='lat' dir='ltr'>non</span> <span class='ocrx_word' id='word_1_136' title='bbox 1022 1672 1116 1745; x_wconf 90' lang='lat' dir='ltr'>plures</span> <span class='ocrx_word' id='word_1_137' title='bbox 1141 1674 1191 1733; x_wconf 78' lang='lat'>23.</span> 
     </span>
     <span class='ocr_line' id='line_1_17' title="bbox 163 1756 1193 1830; baseline 0.001 -15"><span class='ocrx_word' id='word_1_138' title='bbox 163 1757 288 1815; x_wconf 83' lang='lat' dir='ltr'>bleminit</span> <span class='ocrx_word' id='word_1_139' title='bbox 309 1759 390 1813; x_wconf 93' lang='lat' dir='ltr'>huius</span> <span class='ocrx_word' id='word_1_140' title='bbox 413 1756 550 1814; x_wconf 80' lang='lat' dir='ltr'>sectandae</span> <span class='ocrx_word' id='word_1_141' title='bbox 570 1757 598 1812; x_wconf 92' lang='lat' dir='ltr'>in</span> <span class='ocrx_word' id='word_1_142' title='bbox 616 1756 794 1814; x_wconf 87' lang='lat' dir='ltr'>Palaestinam</span> <span class='ocrx_word' id='word_1_143' title='bbox 816 1756 994 1830; x_wconf 75' lang='lat' dir='ltr'>profectionis</span> <span class='ocrx_word' id='word_1_144' title='bbox 1016 1757 1086 1813; x_wconf 90' lang='lat' dir='ltr'>idem</span> <span class='ocrx_word' id='word_1_145' title='bbox 1103 1757 1193 1815; x_wconf 81' lang='lat' dir='ltr'>Euse-</span> 
     </span>
     <span class='ocr_line' id='line_1_18' title="bbox 164 1841 1194 1901; baseline -0.001 -1"><span class='ocrx_word' id='word_1_146' title='bbox 164 1842 229 1901; x_wconf 91' lang='lat' dir='ltr'>bius</span> <span class='ocrx_word' id='word_1_147' title='bbox 253 1842 279 1897; x_wconf 92' lang='lat' dir='ltr'>in</span> <span class='ocrx_word' id='word_1_148' title='bbox 304 1842 438 1897; x_wconf 90' lang='lat' dir='ltr'>Chronico</span> <span class='ocrx_word' id='word_1_149' title='bbox 461 1841 494 1897; x_wconf 93' lang='lat' dir='ltr'>ad</span> <span class='ocrx_word' id='word_1_150' title='bbox 514 1859 615 1898; x_wconf 87' lang='lat' dir='ltr'>annum</span> <span class='ocrx_word' id='word_1_151' title='bbox 631 1842 759 1899; x_wconf 90' lang='lat' dir='ltr'>Antonini</span> <span class='ocrx_word' id='word_1_152' title='bbox 779 1845 825 1899; x_wconf 88' lang='lat' dir='ltr'>ll.</span> <span class='ocrx_word' id='word_1_153' title='bbox 857 1841 956 1897; x_wconf 84' lang='lat' dir='ltr'>Verum</span> <span class='ocrx_word' id='word_1_154' title='bbox 972 1850 1035 1898; x_wconf 90' lang='lat' dir='ltr'>ante</span> <span class='ocrx_word' id='word_1_155' title='bbox 1051 1842 1104 1901; x_wconf 83' lang='lat' dir='ltr'>hoe</span> <span class='ocrx_word' id='word_1_156' title='bbox 1120 1852 1194 1899; x_wconf 84' lang='lat' dir='ltr'>tem·</span> 
     </span>
     <span class='ocr_line' id='line_1_19' title="bbox 167 1925 1193 2000; baseline 0.002 -19"><span class='ocrx_word' id='word_1_157' title='bbox 167 1943 235 2000; x_wconf 88' lang='lat' dir='ltr'>pus,</span> <span class='ocrx_word' id='word_1_158' title='bbox 266 1927 392 1981; x_wconf 90' lang='lat' dir='ltr'>hortante</span> <span class='ocrx_word' id='word_1_159' title='bbox 415 1925 574 1990; x_wconf 87' lang='lat' dir='ltr'>Ambrosio,</span> <span class='ocrx_word' id='word_1_160' title='bbox 605 1926 819 1983; x_wconf 88' lang='lat' dir='ltr'>Commentarios</span> <span class='ocrx_word' id='word_1_161' title='bbox 846 1926 875 1982; x_wconf 89' lang='lat' dir='ltr'>in</span> <span class='ocrx_word' id='word_1_162' title='bbox 898 1943 1000 1983; x_wconf 86' lang='lat' dir='ltr'>sacram</span> <span class='ocrx_word' id='word_1_163' title='bbox 1024 1926 1193 2000; x_wconf 83' lang='lat' dir='ltr'>Scripturam</span> 
     </span>
     <span class='ocr_line' id='line_1_20' title="bbox 166 2007 1192 2084; baseline 0.002 -17"><span class='ocrx_word' id='word_1_164' title='bbox 166 2010 360 2075; x_wconf 89' lang='lat' dir='ltr'>elucubrasse,</span> <span class='ocrx_word' id='word_1_165' title='bbox 384 2007 586 2084; x_wconf 87' lang='lat' dir='ltr'>idqne&#39;partim</span> <span class='ocrx_word' id='word_1_166' title='bbox 609 2011 770 2075; x_wconf 87' lang='lat' dir='ltr'>Caesareae,</span> <span class='ocrx_word' id='word_1_167' title='bbox 794 2011 892 2084; x_wconf 89' lang='lat' dir='ltr'>partim</span> <span class='ocrx_word' id='word_1_168' title='bbox 915 2011 978 2068; x_wconf 90' lang='lat' dir='ltr'>alibi</span> <span class='ocrx_word' id='word_1_169' title='bbox 999 2011 1113 2076; x_wconf 85' lang='lat' dir='ltr'>iecisse,</span> <span class='ocrx_word' id='word_1_170' title='bbox 1136 2029 1192 2069; x_wconf 90' lang='lat' dir='ltr'>nnn</span> 
     </span>
     <span class='ocr_line' id='line_1_21' title="bbox 165 2094 1194 2170; baseline 0.002 -17"><span class='ocrx_word' id='word_1_171' title='bbox 165 2095 285 2153; x_wconf 89' lang='lat' dir='ltr'>obscure</span> <span class='ocrx_word' id='word_1_172' title='bbox 309 2094 443 2167; x_wconf 83' lang='lat' dir='ltr'>significat</span> <span class='ocrx_word' id='word_1_173' title='bbox 457 2095 591 2153; x_wconf 79' lang='lat' dir='ltr'>Eusebius</span> <span class='ocrx_word' id='word_1_174' title='bbox 607 2112 631 2151; x_wconf 83' lang='lat' dir='ltr'>e.</span> <span class='ocrx_word' id='word_1_175' title='bbox 646 2099 691 2153; x_wconf 78' lang='lat' dir='ltr'>li.</span> <span class='ocrx_word' id='word_1_176' title='bbox 722 2095 772 2152; x_wconf 93' lang='lat' dir='ltr'>Ubi</span> <span class='ocrx_word' id='word_1_177' title='bbox 794 2096 892 2152; x_wconf 92' lang='lat' dir='ltr'>eodem</span> <span class='ocrx_word' id='word_1_178' title='bbox 914 2105 1046 2169; x_wconf 87' lang='lat' dir='ltr'>ternpore,</span> <span class='ocrx_word' id='word_1_179' title='bbox 1071 2114 1127 2170; x_wconf 82' lang='lat' dir='ltr'>quo</span> <span class='ocrx_word' id='word_1_180' title='bbox 1141 2114 1194 2155; x_wconf 85' lang='lat' dir='ltr'>au-</span> 
     </span>
     <span class='ocr_line' id='line_1_22' title="bbox 167 2179 1193 2254; baseline 0 -15"><span class='ocrx_word' id='word_1_181' title='bbox 167 2181 248 2239; x_wconf 80' lang='lat' dir='ltr'>thore</span> <span class='ocrx_word' id='word_1_182' title='bbox 263 2179 406 2238; x_wconf 88' lang='lat' dir='ltr'>Ambrosio</span> <span class='ocrx_word' id='word_1_183' title='bbox 428 2181 456 2237; x_wconf 95' lang='lat' dir='ltr'>in</span> <span class='ocrx_word' id='word_1_184' title='bbox 479 2181 686 2237; x_wconf 89' lang='lat' dir='ltr'>commentando</span> <span class='ocrx_word' id='word_1_185' title='bbox 709 2189 768 2237; x_wconf 90' lang='lat' dir='ltr'>erat</span> <span class='ocrx_word' id='word_1_186' title='bbox 789 2190 949 2254; x_wconf 86' lang='lat' dir='ltr'>occupatus,</span> <span class='ocrx_word' id='word_1_187' title='bbox 972 2181 1193 2254; x_wconf 85' lang='lat' dir='ltr'>proficiscentem</span> 
     </span>
     <span class='ocr_line' id='line_1_23' title="bbox 113 2264 1191 2340; baseline -0.004 -13"><span class='ocrx_word' id='word_1_188' title='bbox 113 2320 118 2327; x_wconf 90' lang='lat'><em>.</em></span> <span class='ocrx_word' id='word_1_189' title='bbox 136 2304 140 2311; x_wconf 90' lang='lat'>-</span> <span class='ocrx_word' id='word_1_190' title='bbox 168 2265 245 2323; x_wconf 89' lang='lat' dir='ltr'>illum</span> <span class='ocrx_word' id='word_1_191' title='bbox 268 2267 294 2321; x_wconf 90' lang='lat' dir='ltr'>in</span> <span class='ocrx_word' id='word_1_192' title='bbox 311 2266 448 2322; x_wconf 85' lang='lat' dir='ltr'>Graeciam</span> <span class='ocrx_word' id='word_1_193' title='bbox 471 2273 563 2322; x_wconf 90' lang='lat' dir='ltr'>narrat</span> <span class='ocrx_word' id='word_1_194' title='bbox 579 2264 725 2322; x_wconf 84' lang='lat' dir='ltr'>Caesareae</span> <span class='ocrx_word' id='word_1_195' title='bbox 741 2267 894 2323; x_wconf 85' lang='lat' dir='ltr'>ordinatum</span> <span class='ocrx_word' id='word_1_196' title='bbox 910 2282 972 2322; x_wconf 92' lang='lat' dir='ltr'>esse</span> <span class='ocrx_word' id='word_1_197' title='bbox 986 2265 1191 2340; x_wconf 82' lang='lat' dir='ltr'>Presbyterum.</span> 
     </span>
     <span class='ocr_line' id='line_1_24' title="bbox 168 2349 1191 2424; baseline 0.003 -18"><span class='ocrx_word' id='word_1_198' title='bbox 168 2351 303 2421; x_wconf 81' lang='lat' dir='ltr'>Quocirca</span> <span class='ocrx_word' id='word_1_199' title='bbox 325 2349 422 2407; x_wconf 83' lang='lat' dir='ltr'>salsum</span> <span class='ocrx_word' id='word_1_200' title='bbox 444 2359 487 2407; x_wconf 90' lang='lat' dir='ltr'>est</span> <span class='ocrx_word' id='word_1_201' title='bbox 509 2350 654 2424; x_wconf 78' lang='lat' dir='ltr'>origenem</span> <span class='ocrx_word' id='word_1_202' title='bbox 678 2359 750 2407; x_wconf 87' lang='lat' dir='ltr'>totos</span> <span class='ocrx_word' id='word_1_203' title='bbox 768 2353 806 2410; x_wconf 79' lang='lat'>28</span> <span class='ocrx_word' id='word_1_204' title='bbox 828 2368 915 2407; x_wconf 90' lang='lat' dir='ltr'>annos</span> <span class='ocrx_word' id='word_1_205' title='bbox 939 2350 1001 2424; x_wconf 83' lang='lat' dir='ltr'>Tyri</span> <span class='ocrx_word' id='word_1_206' title='bbox 1023 2352 1191 2417; x_wconf 81' lang='lat' dir='ltr'>consedisse,</span> 
     </span>
     <span class='ocr_line' id='line_1_25' title="bbox 167 2435 1195 2511; baseline 0.004 -20"><span class='ocrx_word' id='word_1_207' title='bbox 167 2436 262 2511; x_wconf 89' lang='lat' dir='ltr'>ibique</span> <span class='ocrx_word' id='word_1_208' title='bbox 285 2435 548 2494; x_wconf 88' lang='lat' dir='ltr'>Commentariorum</span> <span class='ocrx_word' id='word_1_209' title='bbox 576 2436 714 2509; x_wconf 88' lang='lat' dir='ltr'>ingentem</span> <span class='ocrx_word' id='word_1_210' title='bbox 742 2435 815 2492; x_wconf 91' lang='lat' dir='ltr'>illam</span> <span class='ocrx_word' id='word_1_211' title='bbox 841 2435 941 2493; x_wconf 90' lang='lat' dir='ltr'>molem</span> <span class='ocrx_word' id='word_1_212' title='bbox 964 2435 1091 2493; x_wconf 86' lang='lat' dir='ltr'>edidisse.</span> <span class='ocrx_word' id='word_1_213' title='bbox 1124 2436 1195 2495; x_wconf 78' lang='lat' dir='ltr'>lloe</span> 
     </span>
     <span class='ocr_line' id='line_1_26' title="bbox 168 2520 1193 2596; baseline 0 -17"><span class='ocrx_word' id='word_1_214' title='bbox 168 2521 241 2579; x_wconf 88' lang='lat' dir='ltr'>enirn</span> <span class='ocrx_word' id='word_1_215' title='bbox 263 2521 448 2588; x_wconf 79' lang='lat' dir='ltr'>Alexandriae,</span> <span class='ocrx_word' id='word_1_216' title='bbox 463 2521 634 2587; x_wconf 85' lang='lat' dir='ltr'>Caesareae,</span> <span class='ocrx_word' id='word_1_217' title='bbox 657 2521 771 2578; x_wconf 88' lang='lat' dir='ltr'>Athenis</span> <span class='ocrx_word' id='word_1_218' title='bbox 793 2521 906 2577; x_wconf 90' lang='lat' dir='ltr'>diversis</span> <span class='ocrx_word' id='word_1_219' title='bbox 928 2520 1193 2596; x_wconf 85' lang='lat' dir='ltr'>temporibusegit:</span> 
     </span>
     <span class='ocr_line' id='line_1_27' title="bbox 169 2605 1196 2682; baseline 0.001 -20"><span class='ocrx_word' id='word_1_220' title='bbox 169 2606 210 2677; x_wconf 85' lang='lat' dir='ltr'>uti</span> <span class='ocrx_word' id='word_1_221' title='bbox 233 2607 305 2664; x_wconf 85' lang='lat' dir='ltr'>c.18</span> <span class='ocrx_word' id='word_1_222' title='bbox 334 2605 428 2662; x_wconf 85' lang='lat' dir='ltr'>scribit</span> <span class='ocrx_word' id='word_1_223' title='bbox 449 2605 593 2663; x_wconf 80' lang='lat' dir='ltr'>Eusebius</span> <span class='ocrx_word' id='word_1_224' title='bbox 638 2605 677 2662; x_wconf 86' lang='lat' dir='ltr'>lle</span> <span class='ocrx_word' id='word_1_225' title='bbox 699 2607 779 2679; x_wconf 84' lang='lat' dir='ltr'>Tyrio</span> <span class='ocrx_word' id='word_1_226' title='bbox 808 2623 920 2663; x_wconf 90' lang='lat' dir='ltr'>secessu</span> <span class='ocrx_word' id='word_1_227' title='bbox 947 2606 1021 2663; x_wconf 93' lang='lat' dir='ltr'>nulla</span> <span class='ocrx_word' id='word_1_228' title='bbox 1050 2615 1093 2663; x_wconf 89' lang='lat' dir='ltr'>est</span> <span class='ocrx_word' id='word_1_229' title='bbox 1121 2607 1196 2682; x_wconf 81' lang='lat' dir='ltr'>apud</span> 
     </span>
     <span class='ocr_line' id='line_1_28' title="bbox 169 2688 1195 2765; baseline 0.004 -20"><span class='ocrx_word' id='word_1_230' title='bbox 169 2688 317 2750; x_wconf 88' lang='lat' dir='ltr'>Eusebium</span> <span class='ocrx_word' id='word_1_231' title='bbox 346 2691 421 2765; x_wconf 86' lang='lat' dir='ltr'>quod</span> <span class='ocrx_word' id='word_1_232' title='bbox 448 2691 531 2747; x_wconf 86' lang='lat' dir='ltr'>seiam</span> <span class='ocrx_word' id='word_1_233' title='bbox 552 2691 665 2747; x_wconf 89' lang='lat' dir='ltr'>mentio.</span> <span class='ocrx_word' id='word_1_234' title='bbox 709 2690 820 2747; x_wconf 89' lang='lat' dir='ltr'>llieron.</span> <span class='ocrx_word' id='word_1_235' title='bbox 842 2690 972 2748; x_wconf 82' lang='lat' dir='ltr'>duntaxat</span> <span class='ocrx_word' id='word_1_236' title='bbox 993 2691 1079 2765; x_wconf 85' lang='lat' dir='ltr'>Epist.</span> <span class='ocrx_word' id='word_1_237' title='bbox 1093 2694 1137 2749; x_wconf 72' lang='lat'>55</span> <span class='ocrx_word' id='word_1_238' title='bbox 1159 2691 1195 2749; x_wconf 79' lang='lat' dir='ltr'>(le</span> 
     </span>
     <span class='ocr_line' id='line_1_29' title="bbox 167 2773 1196 2849; baseline 0.002 -16"><span class='ocrx_word' id='word_1_239' title='bbox 167 2773 311 2833; x_wconf 83' lang='lat' dir='ltr'>erroribus</span> <span class='ocrx_word' id='word_1_240' title='bbox 335 2774 407 2847; x_wconf 87' lang='lat' dir='ltr'>0rig.</span> <span class='ocrx_word' id='word_1_241' title='bbox 430 2773 465 2830; x_wconf 92' lang='lat' dir='ltr'>ad</span> <span class='ocrx_word' id='word_1_242' title='bbox 486 2775 589 2831; x_wconf 82' lang='lat' dir='ltr'>Pamin.</span> <span class='ocrx_word' id='word_1_243' title='bbox 620 2773 751 2841; x_wconf 83' lang='lat' dir='ltr'>Centum,</span> <span class='ocrx_word' id='word_1_244' title='bbox 780 2776 883 2849; x_wconf 91' lang='lat' dir='ltr'>inquit,</span> <span class='ocrx_word' id='word_1_245' title='bbox 908 2777 1102 2848; x_wconf 70' lang='lat' dir='ltr'>pwdroginto</span> <span class='ocrx_word' id='word_1_246' title='bbox 1122 2776 1196 2835; x_wconf 75' lang='lat' dir='ltr'>unni</span> 
     </span>
     <span class='ocr_line' id='line_1_30' title="bbox 165 2857 1194 2935; baseline 0.005 -21"><span class='ocrx_word' id='word_1_247' title='bbox 165 2875 258 2935; x_wconf 83' lang='lat' dir='ltr'>prope</span> <span class='ocrx_word' id='word_1_248' title='bbox 279 2867 355 2924; x_wconf 84' lang='lat' dir='ltr'>aunt,</span> <span class='ocrx_word' id='word_1_249' title='bbox 378 2875 413 2915; x_wconf 80' lang='lat' dir='ltr'>cn</span> <span class='ocrx_word' id='word_1_250' title='bbox 436 2876 489 2932; x_wconf 78' lang='lat' dir='ltr'>gato</span> <span class='ocrx_word' id='word_1_251' title='bbox 514 2857 648 2930; x_wconf 75' lang='lat' dir='ltr'>Origenes</span> <span class='ocrx_word' id='word_1_252' title='bbox 669 2869 796 2917; x_wconf 78' lang='lat' dir='ltr'>nortona</span> <span class='ocrx_word' id='word_1_253' title='bbox 818 2869 860 2916; x_wconf 85' lang='lat' dir='ltr'>eat</span> <span class='ocrx_word' id='word_1_254' title='bbox 884 2860 961 2931; x_wconf 75' lang='lat' dir='ltr'>Tyri,</span> <span class='ocrx_word' id='word_1_255' title='bbox 983 2860 1194 2934; x_wconf 78' lang='lat' dir='ltr'>quotidanis</span> 
     </span>
     <span class='ocr_line' id='line_1_31' title="bbox 171 2939 1196 3020; baseline 0.002 -19"><span class='ocrx_word' id='word_1_256' title='bbox 171 2942 300 3017; x_wconf 88' lang='lat' dir='ltr'>Catalogo</span> <span class='ocrx_word' id='word_1_257' title='bbox 316 2943 415 3017; x_wconf 86' lang='lat' dir='ltr'>Seript.</span> <span class='ocrx_word' id='word_1_258' title='bbox 431 2944 504 3001; x_wconf 86' lang='lat' dir='ltr'>Eccl.</span> <span class='ocrx_word' id='word_1_259' title='bbox 528 2955 731 3002; x_wconf 79' lang='lat' dir='ltr'>commemorat.</span> <span class='ocrx_word' id='word_1_260' title='bbox 763 2945 912 3003; x_wconf 89' lang='lat' dir='ltr'>Verisimile</span> <span class='ocrx_word' id='word_1_261' title='bbox 934 2939 976 3002; x_wconf 81' lang='lat' dir='ltr'>est</span> <span class='ocrx_word' id='word_1_262' title='bbox 998 2947 1081 3019; x_wconf 89' lang='lat' dir='ltr'>igitur</span> <span class='ocrx_word' id='word_1_263' title='bbox 1097 2947 1196 3020; x_wconf 78' lang='lat' dir='ltr'>Orige-</span> 
     </span>
     <span class='ocr_line' id='line_1_32' title="bbox 169 3029 1194 3104; baseline 0.004 -19"><span class='ocrx_word' id='word_1_264' title='bbox 169 3045 243 3090; x_wconf 88' lang='lat' dir='ltr'>nem,</span> <span class='ocrx_word' id='word_1_265' title='bbox 267 3046 329 3085; x_wconf 89' lang='lat' dir='ltr'>eum</span> <span class='ocrx_word' id='word_1_266' title='bbox 350 3029 378 3085; x_wconf 91' lang='lat' dir='ltr'>in</span> <span class='ocrx_word' id='word_1_267' title='bbox 394 3029 468 3086; x_wconf 87' lang='lat' dir='ltr'>llecii</span> <span class='ocrx_word' id='word_1_268' title='bbox 489 3029 680 3103; x_wconf 89' lang='lat' dir='ltr'>persecutione</span> <span class='ocrx_word' id='word_1_269' title='bbox 702 3029 795 3087; x_wconf 86' lang='lat' dir='ltr'>allecta</span> <span class='ocrx_word' id='word_1_270' title='bbox 818 3031 870 3086; x_wconf 90' lang='lat' dir='ltr'>iam</span> <span class='ocrx_word' id='word_1_271' title='bbox 892 3039 981 3086; x_wconf 89' lang='lat' dir='ltr'>aetate</span> <span class='ocrx_word' id='word_1_272' title='bbox 1002 3030 1094 3104; x_wconf 91' lang='lat' dir='ltr'>lapsus</span> <span class='ocrx_word' id='word_1_273' title='bbox 1107 3040 1194 3096; x_wconf 68' lang='lat' dir='ltr'>,esech</span> 
     </span>
     <span class='ocr_line' id='line_1_33' title="bbox 169 3114 972 3188; baseline 0.001 -18"><span class='ocrx_word' id='word_1_274' title='bbox 169 3114 200 3175; x_wconf 87' lang='lat' dir='ltr'>in</span> <span class='ocrx_word' id='word_1_275' title='bbox 220 3114 400 3170; x_wconf 86' lang='lat' dir='ltr'>Palaestinam</span> <span class='ocrx_word' id='word_1_276' title='bbox 422 3115 579 3180; x_wconf 87' lang='lat' dir='ltr'>recessisse,</span> <span class='ocrx_word' id='word_1_277' title='bbox 601 3131 633 3171; x_wconf 89' lang='lat' dir='ltr'>ao</span> <span class='ocrx_word' id='word_1_278' title='bbox 655 3116 718 3188; x_wconf 82' lang='lat' dir='ltr'>Tyri</span> <span class='ocrx_word' id='word_1_279' title='bbox 740 3125 879 3172; x_wconf 84' lang='lat' dir='ltr'>mortuum</span> <span class='ocrx_word' id='word_1_280' title='bbox 902 3133 972 3173; x_wconf 88' lang='lat' dir='ltr'>esse.</span> 
     </span>
     <span class='ocr_line' id='line_1_34' title="bbox 257 3189 1195 3276; baseline 0.004 -21"><span class='ocrx_word' id='word_1_281' title='bbox 257 3189 334 3256; x_wconf 71' lang='grc' dir='ltr'>ὅθεν</span> <span class='ocrx_word' id='word_1_282' title='bbox 354 3193 389 3256; x_wconf 80' lang='grc' dir='ltr'>τὸ</span> <span class='ocrx_word' id='word_1_283' title='bbox 410 3199 535 3276; x_wconf 77' lang='grc' dir='ltr'><em>πρῶτον</em></span> <span class='ocrx_word' id='word_1_284' title='bbox 556 3191 652 3257; x_wconf 77' lang='grc' dir='ltr'>αὐτοῦ</span> <span class='ocrx_word' id='word_1_285' title='bbox 673 3196 833 3274; x_wconf 67' lang='grc' dir='ltr'><strong><em>ἐπιμελῶς]</em></strong></span> <span class='ocrx_word' id='word_1_286' title='bbox 863 3200 926 3274; x_wconf 89' lang='lat' dir='ltr'>Agit</span> <span class='ocrx_word' id='word_1_287' title='bbox 947 3201 980 3257; x_wconf 90' lang='lat' dir='ltr'>de</span> <span class='ocrx_word' id='word_1_288' title='bbox 1003 3200 1046 3258; x_wconf 85' lang='lat' dir='ltr'>his</span> <span class='ocrx_word' id='word_1_289' title='bbox 1069 3200 1195 3275; x_wconf 71' lang='lat' dir='ltr'>(trigenis</span> 
     </span>
    </p>
   </div>
   <div class='ocr_carea' id='block_1_3' title="bbox 120 3284 1196 3713">
    <p class='ocr_par' dir='ltr' id='par_1_3' title="bbox 120 3284 1196 3713">
     <span class='ocr_line' id='line_1_35' title="bbox 171 3284 1195 3361; baseline 0 -18"><span class='ocrx_word' id='word_1_290' title='bbox 171 3284 337 3357; x_wconf 83' lang='lat' dir='ltr'>editionibus</span> <span class='ocrx_word' id='word_1_291' title='bbox 370 3285 571 3345; x_wconf 81' lang='lat' dir='ltr'>accuratissime</span> <span class='ocrx_word' id='word_1_292' title='bbox 603 3284 673 3343; x_wconf 91' lang='lat' dir='ltr'>libro</span> <span class='ocrx_word' id='word_1_293' title='bbox 709 3287 742 3342; x_wconf 93' lang='lat' dir='ltr'>de</span> <span class='ocrx_word' id='word_1_294' title='bbox 771 3284 856 3341; x_wconf 92' lang='lat' dir='ltr'>Pond.</span> <span class='ocrx_word' id='word_1_295' title='bbox 881 3294 909 3342; x_wconf 91' lang='lat' dir='ltr'>et</span> <span class='ocrx_word' id='word_1_296' title='bbox 931 3285 1015 3341; x_wconf 89' lang='lat' dir='ltr'>llens.</span> <span class='ocrx_word' id='word_1_297' title='bbox 1045 3285 1094 3341; x_wconf 91' lang='lat' dir='ltr'>ubi</span> <span class='ocrx_word' id='word_1_298' title='bbox 1124 3302 1195 3361; x_wconf 76' lang='lat' dir='ltr'>quaa</span> 
     </span>
     <span class='ocr_line' id='line_1_36' title="bbox 171 3368 1195 3446; baseline 0.001 -17"><span class='ocrx_word' id='word_1_299' title='bbox 171 3368 290 3443; x_wconf 86' lang='lat' dir='ltr'>llexapla</span> <span class='ocrx_word' id='word_1_300' title='bbox 312 3378 340 3426; x_wconf 91' lang='lat' dir='ltr'>et</span> <span class='ocrx_word' id='word_1_301' title='bbox 355 3369 590 3444; x_wconf 79' lang='lat' dir='ltr'>Octaplaluerint</span> <span class='ocrx_word' id='word_1_302' title='bbox 612 3371 731 3444; x_wconf 81' lang='lat' dir='ltr'>exponit.</span> <span class='ocrx_word' id='word_1_303' title='bbox 762 3369 827 3426; x_wconf 91' lang='lat' dir='ltr'>Vide</span> <span class='ocrx_word' id='word_1_304' title='bbox 850 3387 920 3446; x_wconf 90' lang='lat' dir='ltr'>qnae</span> <span class='ocrx_word' id='word_1_305' title='bbox 940 3370 977 3427; x_wconf 92' lang='lat' dir='ltr'>ad</span> <span class='ocrx_word' id='word_1_306' title='bbox 997 3373 1070 3430; x_wconf 74' lang='lat' dir='ltr'>alb</span> <span class='ocrx_word' id='word_1_307' title='bbox 1095 3370 1195 3429; x_wconf 84' lang='lat' dir='ltr'>ibidem</span> 
     </span>
     <span class='ocr_line' id='line_1_37' title="bbox 120 3453 1196 3617; baseline 0.007 -25"><span class='ocrx_word' id='word_1_308' title='bbox 120 3453 363 3599; x_wconf 33' lang='lat' dir='ltr'>mohsergflgllssgz</span> <span class='ocrx_word' id='word_1_309' title='bbox 393 3531 436 3607; x_wconf 77' lang='grc' dir='ltr'>ὦς</span> <span class='ocrx_word' id='word_1_310' title='bbox 455 3533 513 3617; x_wconf 77' lang='grc' dir='ltr'>γάρ</span> <span class='ocrx_word' id='word_1_311' title='bbox 536 3557 613 3609; x_wconf 78' lang='grc' dir='ltr'><em>τινες</em></span> <span class='ocrx_word' id='word_1_312' title='bbox 635 3531 718 3614; x_wconf 77' lang='grc' dir='ltr'><strong><em>ἡμᾶς</em></strong></span> <span class='ocrx_word' id='word_1_313' title='bbox 737 3532 918 3613; x_wconf 71' lang='grc' dir='ltr'><strong><em>βούλονται]</em></strong></span> <span class='ocrx_word' id='word_1_314' title='bbox 963 3541 1100 3609; x_wconf 80' lang='lat' dir='ltr'>Quantum</span> <span class='ocrx_word' id='word_1_315' title='bbox 1127 3541 1196 3599; x_wconf 81' lang='lat' dir='ltr'>haer</span> 
     </span>
     <span class='ocr_line' id='line_1_38' title="bbox 172 3615 1196 3713; baseline 0.004 -32"><span class='ocrx_word' id='word_1_316' title='bbox 172 3621 303 3713; x_wconf 78' lang='lat' dir='ltr'>rocabida</span> <span class='ocrx_word' id='word_1_317' title='bbox 335 3623 389 3680; x_wconf 91' lang='lat' dir='ltr'>duo</span> <span class='ocrx_word' id='word_1_318' title='bbox 416 3618 543 3700; x_wconf 68' lang='lat' dir='ltr'>paranda</span> <span class='ocrx_word' id='word_1_319' title='bbox 565 3635 593 3701; x_wconf 75' lang='lat' dir='ltr'>et</span> <span class='ocrx_word' id='word_1_320' title='bbox 613 3615 757 3702; x_wconf 70' lang='grc' dir='ltr'>γεννητὸν</span> <span class='ocrx_word' id='word_1_321' title='bbox 776 3625 914 3694; x_wconf 78' lang='lat' dir='ltr'>scribendi</span> <span class='ocrx_word' id='word_1_322' title='bbox 940 3625 1196 3701; x_wconf 79' lang='lat' dir='ltr'>pronunciandiqno</span> 
     </span>
    </p>
   </div>
   <div class='ocr_carea' id='block_1_4' title="bbox 0 0 1278 4154">
    <p class='ocr_par' dir='ltr' id='par_1_4' title="bbox 0 0 1278 4154">
     <span class='ocr_line' id='line_1_39' title="bbox 0 0 1278 4154; baseline 0 0"><span class='ocrx_word' id='word_1_323' title='bbox 0 0 1278 4154; x_wconf 95' lang='lat' dir='ltr'> </span> 
     </span>
    </p>
   </div>
  </div>
 </body>
</html>
