2534 4154
114 323 171 366 xxx
458 284 460 288 ⁴
525 314 551 364 s.
570 313 718 362 eriruauu

113 486 173 540 cet,
209 473 281 546 quod
311 470 459 543 “templum
495 468 685 525 dedicaverunt
713 469 740 523 in
770 467 927 540 Cypriorum
956 466 1043 521 insula
1074 468 1136 524 eius

114 559 252 631 discipuli,
281 563 469 628 nuncupantes
498 554 563 610 illud
592 554 711 608 eiusdem
735 553 821 607 Patris
845 552 990 616 vocabulo,
1022 561 1134 608 etcum

113 644 204 700 multis
233 642 291 697 aliis
320 640 472 697 titularibus
500 639 612 712 picturis
635 638 778 712 imaginem
802 640 859 693 eius
882 638 909 692 in
931 637 990 710 ipso
1013 637 1137 693 colloca·-

113 729 202 791 ruut,''
233 727 339 800 qualem
369 724 471 780 scilicet
493 724 582 779 videro
605 723 668 779 licet
690 732 752 779 ante
775 740 873 796 opera,
904 722 1012 777 Petavio
1036 733 1135 778 nostro

112 821 224 870 curante
247 811 317 867 edita
342 819 393 865 “ex
416 818 573 882 pervetusto
596 809 711 880 quodam
736 808 888 880 exemplari,
914 809 986 880 quod
1003 817 1089 862 exstat
1104 807 1133 863 in
1165 841 1167 852 ·

113 895 412 969 Constantinopolitano
439 894 626 966 antiquissimo
649 893 829 957 monasterio,
859 893 922 947 Sula
944 893 1015 947 dicto
1040 894 1142 966 (vulgo

111 977 150 1039 τὰ
171 973 238 1054 ἒξμ
226 975 303 1056 paripp
291 998 379 1054 pinpo
401 979 547 1052 appellanti
571 979 645 1052 quod
668 978 730 1033 olim
754 977 949 1033 Patriarchium
973 976 1031 1032 luit.

199 1069 226 1123 2.
271 1066 376 1122 Etenim
412 1065 490 1119 etiam
521 1062 833 1159 Constantinopolitanae
861 1062 1011 1126 Ecclesiae,
1045 1080 1134 1135 aeque

112 1169 142 1206 ac
172 1152 221 1206 toti
244 1148 346 1206 Orienti
372 1146 425 1205 tun
452 1146 505 1204 na
506 1138 627 1204 mixiina
647 1138 820 1202 veneratione
839 1142 1024 1242 Epiphanius;
1054 1148 1134 1203 cuius

112 1236 218 1310 synaxis
241 1236 284 1308 (ut
307 1234 528 1289 halientllennea
551 1233 583 1287 ad
608 1234 679 1288 huuc
706 1234 741 1288 12
758 1232 863 1298 lllaii)
857 1249 884 1287 m
909 1233 981 1304 regia
1004 1233 1047 1287 illa
1063 1232 1133 1288 urbe

113 1320 353 1376 “celebrabatur
348 1338 374 1374 m
398 1319 565 1374 sanctissima
588 1318 645 1372 eius
669 1317 749 1373 aede”
772 1334 821 1372 seu
844 1317 952 1381 sacello,
978 1325 1067 1391 “quae
1090 1327 1135 1373 est

112 1407 181 1461 intra
206 1406 335 1478 templum
358 1405 453 1471 Sancti
470 1402 661 1470 Plrilemonis‚’'
676 1402 767 1479 ,qnod
792 1402 893 1458 Codino
917 1402 943 1457 in
969 1399 1133 1472 Oripinilins

114 1489 432 1563 Constantinopolitano
448 1496 602 1550 attestante,
622 1486 777 1542 “Eudoxius
795 1487 963 1542 Constantini
979 1487 1066 1559 llagui
1082 1505 1134 1560 pa-

112 1577 216 1633 tricies·
234 1586 261 1637 et
290 1575 443 1648 praelectus
472 1571 617 1631 ‹rondiilit’ss
643 1571 767 1628 Colitur
794 1581 885 1627 autem
908 1571 994 1640 ibi-et
1016 1572 1079 1627 alilii
1103 1574 1131 1628 S.
1164 1592 1166 1596 ’

113 1661 279 1734 Epiphanius
309 1659 414 1715 solenni
444 1657 527 1712 totius
556 1657 607 1712 diei
631 1657 740 1722 Officio,
770 1657 907 1725 communi
938 1657 1045 1728 quidem
1069 1665 1137 1712 oum

113 1746 141 1801 S.
151 1746 283 1800 Germano
299 1743 449 1816 patriarcha
463 1742 777 1814 Constantinopolitano,
794 1743 842 1797 sed
857 1742 1038 1814 principaliori
1054 1742 1130 1798 loco:

111 1828 248 1901 quomodo
272 1828 351 1882 etiam
375 1836 485 1881 notatur
506 1827 533 1881 iu
556 1826 678 1899 figuratis
700 1828 888 1882 llutlienorum
911 1844 959 1881 seu
978 1827 1132 1882 lloscorum

111 1912 287 1967 llalendariis.
332 1912 425 1966 Solum
449 1921 539 1966 autem
562 1912 635 1967 illum
659 1920 765 1986 spectat
788 1929 874 1967 canon
898 1929 989 1976 sacer,
1013 1913 1066 1967 hoo
1089 1913 1132 1968 die

110 1997 294 2070 praescriptus
317 1996 367 2051 sub
391 1997 440 2050 hac
463 1990 657 2052 acrostichide?
679 2014 681 2019 ·

103 2134 109 2142 ,
147 2100 158 2141 ,·,
214 2134 217 2139 ,
287 2072 483 2157 ‚Taenariae
505 2074 789 2154 ¹nti,zrid'oc'i'nirpre
804 2071 920 2154 χθόνα.

310 2167 427 2221 Terram
435 2167 566 2249 replerit
578 2166 751 2238 Enipeum
767 2168 858 2233 decas.
974 2158 977 2163 ’

111 2251 191 2306 Solus
223 2251 302 2306 etiam
325 2252 396 2306 hic
390 2269 416 2306 in
439 2242 617 2324 Epiremeride
640 2252 749 2306 metrica
773 2251 941 2347 nominatur,
973 2253 1131 2325 etquidem

108 2347 237 2478 tempuam
261 2337 310 2392 hac
332 2337 375 2392 die
397 2345 539 2392 mortuus-2
609 2359 612 2364 ·
646 2372 648 2377 -
698 2376 701 2385 .
749 2380 750 2385 ,

215 2419 303 2499 ,Τῇ
311 2413 377 2477 ddo
387 2417 440 2476 καὶ
463 2415 575 2498 δεκάτῃ
593 2413 806 2496 'Entpdrioup
793 2412 891 2495 μόρος
912 2409 997 2478 εἶλεν.
1072 2455 1074 2458 -

236 2505 336 2572 statae
357 2508 408 2562 len.
424 2507 521 2562 mortis
543 2508 674 2562 duodeno
693 2505 883 2578 Epipliunion
899 2508 1033 2579 noscat..

103 2590 191 2646 >Certo
219 2591 259 2646 rel
276 2600 354 2647 tune
378 2592 432 2647 lato
454 2609 506 2647 suo
528 2588 637 2648 innotus
661 2600 716 2656 est,
746 2592 816 2648 vel
809 2611 838 2647 m
860 2607 909 2647 sua
932 2591 1046 2647 ecclesia
1067 2604 1132 2664 post

109 2684 225 2730 montem
247 2675 381 2746 sepultus,
388 2677 477 2732 >haud
498 2676 545 2731 diu
567 2684 711 2748 antequam
733 2676 893 2732 &loannes
909 2677 1130 2749 Chrysostomus,

107 2760 143 2815 de
161 2773 225 2853 qun
244 2759 321 2821 iutra,
344 2760 486 2832 asynodo
508 2760 541 2816 ad
559 2761 695 2829 Quercum
717 2755 910 2834 deponeretur,
934 2761 1007 2835 quod
1029 2761 1130 2818 lactum

103 2861 170 2900 csse
199 2844 269 2899 circa
291 2860 414 2900 mensem
435 2844 531 2900 lulium
554 2845 617 2900 anni
640 2848 701 2902 403
725 2862 757 2900 ex
778 2844 912 2909 Palladio,
941 2845 1131 2945 Chrysostomi

106 2938 186 2985 actus
209 2927 355 2994 scribente,
379 2937 495 2985 constat
848 2952 869 2973 κ

103 3051 108 3057 -
195 3015 233 3072 3..
255 3014 373 3070 Graecos
393 3014 447 3070 oito
470 3014 565 3070 imitati
587 3022 651 3070 sunt
666 3014 761 3078 Latini,
784 3030 903 3086 quorum
924 3014 1129 3088 antiquissimus

106 3099 179 3156 Beda
200 3099 233 3154 iu
251 3116 302 3155 suo
314 3099 398 3172 ‘quod
417 3116 452 3154 ex
465 3108 537 3155 -ooto
559 3117 625 3154 niso.
641 3099 764 3154 dedimus
780 3098 899 3171 genuino
913 3097 1129 3172 Martyroloyr'o,

109 3193 173 3256 post
192 3184 478 3241 commemorationem
501 3184 550 3239 SS.
565 3184 693 3241 Nerei-et
707 3183 830 3247 Achillei,
854 3183 940 3255 primo
963 3183 1131 3244 locosnomi·

106 3278 243 3335 natorum,
265 3287 330 3326 mox
351 3269 439 3334 addit,
464 3269 513 3326 “S.
529 3270 559 3324 P.
575 3268 773 3342 N..Epiphanii
795 3268 925 3341 episcopi·
939 3269 1044 3343 Cypri’.
1078 3273 1130 3329 Se-

107 3355 164 3409 outi
185 3355 243 3411 Ado
266 3354 463 3419 ctUsuardus,
486 3354 773 3418 ultimumeumdem,
796 3362 860 3426 post
882 3357 1130 3414 caeterosscilioet

105 3439 178 3494 eius.
190 3440 242 3495 diei
256 3449 413 3514 martyres,
429 3439 592 3496 locaverunt
613 3440 665 3495 liac
685 3440 747 3496 lere
764 3438 866 3511 phrasi,
890 3440 993 3513 “Apud
1011 3441 1128 3514 Cyprum

108 3522 183 3579 sar.
200 3524 232 3579 N.
247 3524 415 3598 Epiphanii,”
439 3525 566 3599 additque
587 3525 646 3580 Ado
664 3523 834 3580 “Salamiuae
849 3523 996 3599 cpiscopi’'.
1024 3525 1128 3582 llorum

103 3607 277 3682 aliorumque
291 3609 791 3683 posteriorumventigiisdnliaerens
814 3610 976 3667 hodiernum
994 3609 1129 3685 Martyro-
