2534 4154
468 340 757 392 nuiunovcusioues.
1056 328 1135 395 tn-

105 490 169 554 νὺ
200 506 270 552 uus
293 503 374 570 puae
399 504 483 553 uem
507 504 611 552 urium
635 505 752 552 *uanus
776 502 849 552 usis
871 489 972 553 nerse
995 491 1033 554 'er
1056 492 1120 556 rub

105 575 190 637 νὺξ
220 574 305 636 bbere
335 592 372 653 pe
401 590 474 636 auu
506 591 570 638 ³²³
593 575 674 639 ¹:52:
697 591 793 639 *reatu
817 590 905 638 *urim
928 591 1000 639 tem·
1023 577 1120 641 nmmb

105 674 167 724 su*
197 675 278 721 inse
306 658 345 721 'br
374 659 456 721 snm
485 661 539 723 ubi
567 678 652 722 arun
679 660 742 722 abs
765 678 798 721 r:
824 675 896 722 nun
920 661 1020 726 uersu
1043 678 1120 739 uisu

105 745 168 810 aba
197 761 238 825 uu
269 759 354 807 uiua
382 759 465 808 rinc
494 762 542 806 eeu
571 759 631 806 aar
664 744 717 807 ibn
749 744 836 807 bbere
869 745 907 807 bu
940 746 1022 808 arabe
1056 745 1120 810 stu

106 844 194 893 usin
221 843 296 907 resp
324 844 459 891 :ruer-m
486 844 613 910 remansi
637 829 738 891 eben
762 844 823 891 sin
846 846 941 891 aius.
983 833 1039 890 Hoc
1062 843 1119 890 est:

104 916 194 973 Docet
222 918 254 971 de
281 918 496 973 manducatione
524 933 684 987 azymorum
710 917 741 972 iu
768 917 813 972 ate
838 922 864 981 7,
893 921 1122 989 quemadmodum

104 1019 164 1058 non
192 1002 286 1056 debita
313 1018 347 1055 oc
368 1003 531 1056 necessaria
552 1003 597 1056 eit.
629 1001 697 1056 lude
719 1002 807 1072 iyitur
827 1003 917 1067 disce,
946 1006 1022 1075 quod
1042 1006 1120 1061 odii

106 1087 168 1143 dies
189 1088 295 1149 attinet,
319 1088 450 1157 quout'am
473 1104 533 1142 eece
554 1087 687 1159 septimus
710 1088 768 1141 dies
792 1104 853 1141 cum
874 1087 905 1141 in
926 1104 1033 1144 summa
1049 1107 1122 1144 eom·

102 1171 339 1245 prehenderetur,
368 1173 405 1226 oh
438 1189 472 1226 ea
495 1181 625 1244 receptus
648 1179 703 1236 est,
732 1178 762 1226 ut
785 1173 940 1226 ostenderet
962 1190 1124 1243 azymorum

105 1258 137 1313 in
158 1256 209 1312 itta
230 1256 276 1310 die
297 1257 542 1312 manducationem
561 1257 731 1328 permissam
745 1258 884 1311 duntouat
898 1257 995 1327 fuisse.
1026 1258 1123 1332 Neque

65 1374 68 1379 ·
105 1358 173 1397 aero
195 1348 224 1395 ut
247 1343 280 1395 de
302 1340 353 1394 hoc
375 1343 435 1396 solo
458 1343 503 1396 die
526 1343 635 1396 doceret
656 1343 740 1405 istud,
763 1342 826 1396 ideo
850 1350 980 1412 exceptus
1003 1351 1051 1407 est,
1074 1347 1124 1399 sed

105 1433 137 1481 ut
157 1426 231 1480 mem
253 1427 286 1480 de
310 1432 368 1480 totu
390 1427 496 1481 dierum
517 1443 625 1480 summo
647 1426 857 1496 iuteltiyeudum
878 1427 1056 1498 relinqueret,
1078 1430 1123 1483 ni·

104 1511 207 1566 mirum
228 1511 270 1565 uti
290 1511 405 1581 septimo
428 1511 473 1565 die
491 1513 659 1582 permissum
681 1519 721 1566 est
742 1513 831 1565 solum
854 1512 958 1580 azymis
973 1513 1057 1577 vesci,
1079 1514 1122 1567 ita

105 1596 223 1666 reliquie
246 1596 373 1650 omnihus
392 1596 560 1667 permissum
583 1603 623 1650 est
642 1602 709 1659 tnon
723 1595 896 1668 imperatum)
912 1605 1028 1668 eccepto
1042 1604 1174 1654 noctelthl

101 1681 214 1754 primm
241 1695 326 1751 puam
346 1682 489 1752 scriptura
511 1697 671 1750 azymorum
692 1697 746 1734 usu
766 1681 890 1751 ohliyari
910 1682 1007 1736 votuit.
1051 1681 1123 1738 Haec
1210 1741 1213 1747 ,

104 1765 159 1821 ille.
206 1764 284 1833 Quod
306 1782 338 1820 ex
360 1767 455 1827 eodem
478 1766 509 1821 R.
533 1765 677 1821 Selomone
700 1765 794 1820 Glossa
817 1769 869 1824 e.7
895 1766 1035 1822 'lractatus
1057 1767 1124 1823 llid-
1182 1774 1185 1780 ’

105 1849 192 1906 duscb
216 1849 388 1905 hacbodesch
411 1851 559 1906 evidentius
581 1850 624 1906 his
642 1849 730 1905 verbis
747 1850 877 1906 affirmat:
902 1865 1009 1910 nasute
1034 1864 1123 1912 *unta

106 1947 181 1995 nun
205 1932 306 2015 uersu
329 1947 446 1994 uiuum
470 1949 563 1995 unser
583 1948 633 1994 nr
657 1948 695 1992 ue
719 1948 783 1994 nun
806 1933 852 1995 bc
875 1949 1000 2012 trusum
1017 1935 1122 1997 abu:

105 2031 178 2079 &ten
200 2015 278 2077 beu*
300 2016 368 2080 &bat
391 2017 486 2080 'taber
510 2033 604 2081 nite-i.
622 2040 625 2051 ¹
644 2019 784 2088 Quonim
806 2038 867 2075 ecce
891 2038 908 2076 a
930 2023 1022 2076 medio
1043 2031 1123 2077 noete

101 2104 200 2177 primu
214 2103 350 2160 Paschali
371 2120 456 2176 usquc
479 2106 518 2160 od
540 2107 576 2162 21
603 2104 675 2159 diem
688 2106 869 2160 manducatio
885 2123 1045 2175 azymorum
1056 2123 1124 2178 per·
1197 2162 1199 2165 ,

104 2190 201 2254 missa,
225 2205 259 2242 ea
282 2191 341 2259 teye
363 2191 510 2254 duntauut,
534 2197 565 2245 nt
585 2191 752 2261 sermentato
774 2208 832 2244 non
846 2199 1004 2245 cescautur.
1035 2190 1073 2244 Ex
1091 2192 1123 2246 iis

104 2273 206 2346 liquet,
237 2290 286 2328 cur
307 2274 442 2329 Pascbalis
466 2291 550 2330 coena
572 2274 661 2330 luctus
685 2283 712 2329 et
735 2274 911 2330 solicitudinis
933 2284 1124 2346 argumentum

105 2357 250 2423 habuisse,
280 2358 377 2430 reliqui
403 2360 459 2414 dies
482 2375 637 2431 azymorum
659 2359 758 2413 hilares
781 2358 895 2413 aelecti
918 2358 950 2412 ub
975 2359 1123 2431 Epiphanio

104 2443 192 2499 luisse
213 2442 345 2499 dicantur.
458 2453 461 2459 ’

195 2529 254 2584 823
271 2545 294 2583 c.
323 2518 401 2601 μετὰ
415 2521 473 2602 γὰρ
490 2515 619 2604 ἑσπέραν
632 2517 854 2604 παρελθόντος]
885 2525 1060 2599 Negationem
1077 2544 1125 2583 ex-

105 2612 278 2687 pungendam
303 2629 363 2667 csse
385 2628 551 2675 censueram,
577 2621 607 2667 ut
627 2612 665 2666 ita
687 2609 825 2682 scripserit
846 2610 1021 2684 Epiphanius,
1043 2632 1124 2689 παρ-

105 2686 253 2762 ελθόντος
274 2698 330 2752 cori
351 2689 513 2769 σαββάτου
529 2690 672 2752 δύνανται
688 2689 776 2770 ἔργον
791 2689 941 2751 ἐπιτελεῖν.
970 2697 1035 2752 Nam
1059 2698 1125 2754 illud

83 2774 144 2838 'ori
175 2799 206 2836 ex
235 2782 368 2854 superiori
396 2781 513 2854 genitivo
536 2780 681 2855 repetitum
704 2780 817 2835 videtur.
861 2781 895 2837 Et
917 2800 978 2839 vero
1003 2800 1124 2838 caussam
1152 2787 1154 2791 '

108 2866 176 2932 eius,
200 2866 272 2938 quod
293 2867 414 2939 proxime
437 2866 553 2931 dixerat,
577 2866 728 2939 posteriore
750 2865 803 2920 boc
825 2865 946 2923 membro
970 2868 1045 2924 reddi
1067 2878 1125 2922 sta-

107 2960 228 3007 tueram:
262 2951 388 3006 nimirum
416 2967 464 3007 eur
491 2959 635 3024 appetente
663 2950 816 3006 bominicae
846 2969 956 3024 vespera
985 2952 1124 3007 immolare

106 3035 211 3091 Pascha
232 3035 320 3099 liceat,
344 3037 470 3109 quoniam
493 3037 545 3091 iam
566 3034 713 3091 Sabbatum
735 3036 915 3108 praeterierit,
938 3053 992 3108 quo
1016 3036 1123 3091 evoluto

106 3119 159 3176 iam
189 3119 220 3174 ad
251 3137 320 3193 opus
349 3121 388 3176 ias
417 3121 452 3176 sit
474 3120 592 3194 aggredi.
636 3121 718 3193 Atqui
740 3120 806 3174 haec
828 3122 961 3175 sententia
983 3120 1075 3174 falsam
1097 3127 1125 3175 et

106 3203 253 3260 absurdam
281 3205 412 3260 rationem
435 3207 570 3269 eontinet,
601 3203 817 3277 quasi.Sabbato
841 3204 991 3260 sacrificare
1012 3204 1123 3259 vetitum

107 3289 199 3345 luerit.
237 3289 344 3345 Fateor.
389 3289 442 3345 Sed
472 3307 530 3346 eam
554 3299 643 3345 tamen
665 3287 806 3361 Epiphanii
827 3288 908 3343 verba
930 3288 987 3361 ipsa
1010 3305 1073 3360 prae
1095 3304 1125 3343 se
1202 3307 1204 3311 ’

106 3373 209 3430 ferunt.
255 3374 336 3429 Cuius
365 3375 465 3429 erroris
488 3375 666 3446 suspitionem
688 3372 721 3428 ab
745 3389 777 3428 ec
801 3389 939 3428 removere
961 3373 997 3428 ita
1021 3373 1125 3446 poteri-

106 3475 186 3524 mus,
217 3459 240 3513 si
267 3467 377 3531 recepta
406 3459 557 3531 negationis
586 3457 716 3531 particula
745 3473 855 3512 sensum
877 3459 949 3514 bunc
972 3457 1123 3514 eliciamus:
1180 3480 1184 3489 ·

105 3542 261 3600 dominicae
290 3552 434 3616 appetente
461 3560 588 3616 vespera,
618 3542 721 3598 Pascha
743 3541 875 3598 immolari
896 3541 1025 3599 licuisse.‘
1059 3543 1124 3600 Nam

100 3639 170 3705 post
190 3645 344 3702 vesperam,
369 3627 456 3684 desito
477 3627 530 3683 iam
553 3626 681 3694 Sabbata,
706 3643 775 3700 opus
797 3626 879 3694 istud,
903 3645 1000 3702 nempe
1022 3637 1126 3687 macta-
1226 3668 1229 3673 -

162 3723 306 3778 Epiphanius.
327 3722 349 3766 V.
946 3725 976 3776 16
