2534 4154
448 341 524 391 tert
543 341 762 392 BOLLlelled.
1035 343 1115 387 vatt

110 495 282 570 praesentiam
305 495 419 560 diaconi,
444 497 536 551 eadem
560 506 639 552 nocte
662 497 704 551 usi
726 498 841 568 coniuge
857 515 920 559 sua:
944 516 1028 573 quare
1043 499 1116 555 solos

109 581 218 638 caelibes
241 580 369 655 deinceps
392 581 423 636 ad
446 581 624 636 ministerium
647 581 737 638 altaris
759 583 898 638 ordinarit.

493 788 629 873 'eaeor
653 817 705 872 vu.

177 933 288 999 Cetera,
311 943 342 990 ut
364 953 382 990 a
405 932 521 1005 Polybio
543 936 678 991 adiuncto
700 937 895 1002 obtruduntur,
920 937 1045 1009 explosa.

189 1089 240 1144 51.
286 1085 377 1160 Capite
400 1088 533 1160 superiori
555 1088 639 1142 relata
662 1088 750 1143 oinnia
772 1088 922 1159 scripsisse,
946 1088 1031 1143 inscio
1054 1089 1122 1142 invi-

104 1181 187 1244 toque
210 1180 321 1235 sancto,
344 1171 454 1249 lingitur
476 1173 631 1245 iamsmpe
654 1172 807 1227 nominatus
830 1174 958 1238 loannes,
981 1172 1121 1246 Epiphanii

104 1255 249 1331 presbyter
279 1264 307 1311 et
327 1257 454 1312 itinerum
478 1258 597 1311 omnium
620 1257 725 1324 socius;
754 1257 800 1329 qui
823 1258 970 1313 moriturus
994 1258 1121 1313 advocato

104 1341 189 1397 adse
213 1341 326 1413 Polybio
349 1340 469 1413 lampada
493 1342 640 1398 tradiderit.
681 1341 729 1397 Hic
753 1358 817 1413 ergo
840 1342 978 1398 inducitur
999 1359 1121 1406 narrans,

105 1427 244 1500 quomodo
267 1434 377 1481 sanetus
400 1427 553 1499 episeopus,
576 1427 701 1483 divinitus
717 1427 835 1481 monitus
850 1433 900 1500 pro
916 1434 1028 1482 eatenus
1045 1442 1122 1499 parra

104 1526 230 1585 magnam
254 1509 393 1566 ecclesiam
416 1528 431 1565 a
452 1511 633 1567 fundamentis
656 1520 805 1576 exstruere,
827 1512 906 1567 variis
921 1511 1056 1566 miraculis
1073 1509 1125 1566 ob·
1170 1567 1171 1570 ,

77 1643 81 1650 .
104 1596 368 1668 tinueritsumptus
389 1596 421 1650 ad
444 1612 513 1668 opus
536 1597 714 1652 necessarios.
747 1597 811 1651 Nam
834 1596 920 1669 primo
943 1613 1004 1651 cum
1027 1594 1124 1650 blaco-

105 1681 146 1736 ais
169 1678 311 1736 cuiusdam
334 1680 430 1746 divitis,
454 1681 501 1736 sed
524 1682 641 1754 gentilis,
665 1682 716 1736 sibi
731 1682 868 1737 illudentis
883 1681 966 1736 tilium
983 1688 1123 1754 aegrotum

105 1773 245 1831 sanasset;
267 1764 365 1821 morbo
387 1767 412 1821 in
437 1775 540 1838 patrem
563 1766 709 1829 translato,
736 1783 899 1838 rursumque
921 1767 952 1820 ad
976 1783 1051 1821 suam
1073 1764 1124 1820 be-

106 1850 288 1906 nedictionem
311 1849 400 1906 ablato
423 1851 583 1923 impetrasse
604 1851 637 1906 ab
662 1851 764 1914 eodem,
789 1869 919 1906 converso
942 1866 1003 1907 cum
1029 1850 1124 1905 tamilla

107 1945 135 2013 et
161 1935 314 2006 baptizato,
345 1936 567 2008 quinquemillia
590 1953 777 1991 uttmmorum:
807 1936 903 1991 deinde
925 1953 987 1992 cum
1009 1934 1125 1990 Eustoc-

107 2020 180 2093 gium
204 2018 310 2092 Syoesii
332 2020 455 2075 similiter
476 2021 584 2092 gentilis
603 2021 697 2085 filium,
720 2031 834 2094 rogante
849 2030 944 2083 matre,
967 2022 1125 2076 suscitasset

107 2121 123 2160 a
149 2104 281 2168 mortuis,
310 2103 344 2158 ab
368 2121 400 2159 eo
424 2104 513 2160 oblata
535 2106 585 2161 tria
608 2105 688 2161 millia
710 2123 849 2161 nummum
873 2107 1008 2161 remisisse
1030 2105 1063 2160 ad
1085 2105 1098 2159 s
1111 2135 1126 2146 -

108 2187 220 2245 bricam.
265 2189 362 2244 Postea
386 2206 446 2244 eum
470 2190 582 2264 Polybio
606 2191 655 2246 iam
679 2191 839 2264 presbytero
861 2200 993 2268 narratur.
1008 2190 1127 2262 Epipha-

107 2274 169 2330 nius
192 2274 273 2329 ivissc
295 2273 509 2347 Hierosolymam
530 2276 562 2329 ad
586 2277 692 2331 loannis
715 2275 848 2349 episcopi,
873 2276 914 2330 sui
937 2275 987 2330 sub
1010 2274 1127 2328 Hilario·

108 2359 150 2414 nis
178 2357 319 2431 disciplina
348 2360 538 2432 condiscipuli,
569 2361 749 2430 castigandam
785 2360 935 2422 avaritiam,
964 2369 994 2413 ut
1027 2358 1126 2413 dictum

109 2447 203 2508 mli,
231 2442 350 2516 indeque
378 2446 536 2518 regrediens
564 2445 708 2500 offendisse
736 2444 874 2499 mendicos
897 2444 981 2507 duos,
1000 2458 1127 2515 ‚quorum

110 2527 183 2584 alter
201 2537 390 2584 semortuum
413 2527 564 2592 simulabat,
588 2529 660 2601 quod
683 2528 709 2583 in
727 2529 813 2602 Cypro
836 2529 934 2583 lactum
956 2527 1063 2584 videtur
1084 2528 1128 2583 in-

108 2612 199 2670 dicare
216 2613 384 2668 Sozomenus
408 2615 467 2681 (lib.
484 2615 527 2668 Vll
549 2630 612 2685 cop.
630 2615 692 2684 27).
723 2613 781 2670 lluc
803 2630 885 2687 porro
909 2629 1033 2669 reversus
1056 2613 1129 2670 lsaa-

110 2715 172 2755 eam
194 2698 323 2753 iudaeum
345 2699 412 2772 legis
434 2700 551 2772 peritum
575 2698 626 2753 sibi
650 2698 815 2762 adiunxerit,
840 2707 979 2754 eteorum
1002 2698 1128 2754 Romanis

96 2773 223 2848 nuntiis,
246 2781 280 2838 ab
303 2784 415 2838 Arcadio
439 2794 465 2839 et
488 2783 608 2839 Honorio
631 2783 840 2857 imperatoribus
863 2784 896 2840 ad
913 2785 1002 2858 ipsum
1017 2783 1128 2839 Romam

112 2864 303 2924 adducendum·
316 2868 419 2932 missis,
443 2869 663 2924 calumniatorem
685 2886 764 2924 suum
788 2870 997 2932 Faustinianum,
1021 2869 1128 2925 innoxio

112 2953 175 3009 alias
198 2951 267 3008 labri
288 2951 403 3009 alicuius
424 2953 502 3025 lapsu
524 2970 700 3027 oppressum,
730 2954 879 3018 suscitans,
909 2954 981 3008 mille
1004 2968 1128 3008 nummos

110 3037 144 3094 ab
166 3039 227 3094 cius
249 3054 334 3094 uxore
355 3037 461 3094 oblatos
484 3038 582 3094 dicitur
603 3038 719 3094 lubricae
741 3039 898 3112 applicasse,
922 3047 1003 3110 atque
1022 3038 1058 3092 ita
1074 3037 1130 3090 llo-

108 3138 182 3179 mam
206 3122 355 3196 uadgasse,
378 3139 439 3178 cum
463 3124 553 3178 lsaaco
575 3123 800 3196 atque-Polybio,
827 3123 921 3178 relicto
944 3122 977 3176 ad
1000 3119 1129 3176 ecclesiae

112 3206 329 3264 Constantiensis
358 3208 480 3263 vicariam
503 3225 594 3263 curam
618 3207 746 3272 Philone,
776 3219 830 3263 uno
853 3225 885 3263 ex
908 3205 1018 3279 legatis,
1048 3220 1129 3278 quem

111 3307 162 3366 pro
184 3291 292 3348 civitate
308 3292 425 3365 Carpasii
447 3293 604 3366 episcopum
621 3293 780 3348 nominarat.
812 3292 929 3364 Carpasii
943 3290 1035 3345 civitas
1050 3305 1131 3363 quam

111 3377 202 3434 aerim
224 3377 298 3432 nulla
320 3386 377 3433 est:
402 3374 551 3451 Carpathus
573 3378 669 3441 insula,
693 3375 837 3451 Cycladum
859 3376 956 3431 extima
977 3375 1050 3430 iuter
1065 3373 1131 3431 Cre·

113 3469 168 3518 tam
191 3470 220 3518 et
242 3461 381 3526 ilbodum,
410 3461 492 3536 longo
515 3462 595 3518 anans
617 3471 705 3519 tractu
726 3462 808 3517 distat
829 3477 843 3514 a
866 3461 970 3534 Cypro,
997 3458 1030 3514 ad
1054 3460 1130 3519 cuius

113 3545 315 3620 metropolitam
338 3563 508 3622 nequaquam
530 3546 671 3621 spectabat
693 3546 718 3602 ei
738 3543 889 3619 providere.

201 3632 253 3690 62.
277 3631 337 3688 eet
358 3633 426 3688 baec
447 3631 545 3689 leviora
566 3641 644 3688 suut:
669 3647 739 3704 quae
752 3639 908 3705 sequuntur
920 3643 1002 3702 quam
1016 3639 1131 3699 possam

935 3724 982 3776 E*
