2534 4154
108 341 197 387 mil:
479 360 484 377 ι
521 339 546 388 S.
566 337 716 389 EPll'iilel

111 511 172 552 cum
195 493 282 549 adbuc
303 493 354 549 alia
377 492 474 556 omnia,
499 509 616 566 quorum
638 491 742 548 scilicet
763 509 844 548 causa
865 492 1061 564 inaegyptum
1083 508 1136 548 ve·

109 587 203 643 uerat,
226 577 317 634 studia
337 585 479 632 trnctaret:
509 593 578 649 quae
601 586 691 634 autem
714 577 765 633 alia
785 593 867 650 quam
888 574 1040 632 litteraria‘l
1069 592 1134 633 cum

110 663 300 720 Gnosticorum
311 661 417 725 «libans,
431 661 597 734 priusquam
619 663 788 736 perniciosos
804 679 865 718 esse
880 670 984 726 nosset,
1007 662 1134 718 studiosa

109 767 124 804 a
146 765 176 805 sa
198 747 291 805 lectos
307 748 443 804 fateatur..
458 746 514 814 ¹Qui
537 764 600 803 vero
623 747 655 802 ad
678 747 732 804 boc
752 746 919 821 peregrinari
935 747 1039 802 iuvenis
1055 756 1131 803 extra

108 833 223 908 patriam
249 833 352 906 potuit,
382 848 554 904 consequens
577 841 620 888 est
641 842 673 889 ut
694 833 723 889 in
744 832 829 905 patria
852 832 979 889 credatur
999 831 1133 887 babuisse

108 927 236 992 parentes
258 918 323 974 satis
347 917 492 990 opulentos
514 918 548 974 ad
570 917 700 973 alendum
720 934 835 990 peregre
857 917 957 980 filium,
986 916 1134 990 probeque

110 1003 292 1068 Christianos,
321 1019 353 1059 ea
376 1019 493 1075 quorum
514 1002 684 1059 institutione
705 1019 765 1058 eam
787 1003 868 1059 traxit
889 1002 1064 1058 castimoniae
1086 1009 1134 1058 ta·-

108 1089 213 1145 nendae
236 1088 424 1152 constantiam,
448 1104 517 1160 quae
539 1088 628 1160 ipsum
651 1088 765 1142 servavit
783 1087 957 1159 impollutum
981 1088 1052 1142 inter
1069 1086 1133 1143 illo·

109 1172 203 1230 cebms
227 1182 254 1229 et
275 1173 371 1229 sordes
388 1171 588 1229 Gnosticorum.
618 1173 679 1245 lpse
702 1173 838 1244 quomodo
861 1189 907 1227 eas
930 1173 1046 1228 evaserit
1066 1171 1133 1227 loco

107 1259 160 1317 iarn
183 1258 264 1315 citato
287 1260 326 1314 sic
348 1257 476 1330 explieat:

197 1345 224 1402 8.
257 1343 317 1398 “nd
339 1343 523 1416 magisterium
547 1342 693 1399 haereseos
711 1341 781 1397 illius
797 1351 967 1415 comparatae
983 1343 1134 1413 deceptas

108 1445 161 1502 que
183 1429 320 1493 mulieres,
344 1445 399 1483 non
422 1426 510 1485 solum
532 1425 686 1482 istiusmodi
708 1426 786 1483 nobis
808 1443 950 1484 sermones
965 1427 1132 1491 iniecerunt,

107 1514 157 1571 sad
183 1514 310 1587 insuper,
340 1513 486 1584 Aegyptiac
515 1511 587 1569 illius
612 1511 735 1584 perditae
756 1529 787 1567 ac
810 1511 991 1584 nequissimae
1013 1511 1134 1568 feminae

106 1599 206 1664 instar,
225 1616 295 1672 quae
317 1613 468 1669 coquorum
490 1596 618 1669 principis
641 1614 711 1652 uxor
725 1606 793 1660 erat,
813 1597 947 1670 petulanti
962 1613 1013 1653 nos
1027 1606 1132 1654 conatu

106 1685 281 1758 pertrahere,
304 1692 362 1738 tum
385 1698 447 1736 cum
470 1680 578 1738 florenti
600 1681 689 1738 adbuc
710 1690 799 1738 aetate
822 1699 961 1748 essemus,
983 1698 1133 1756 aggressae

107 1779 180 1825 sunt.
212 1769 309 1822 Verum
333 1767 355 1821 is
371 1766 417 1838 qui
433 1766 602 1822 sanctissimo
620 1767 736 1840 losepbo
752 1776 810 1823 turn
826 1767 938 1835 adstitit,
961 1765 1133 1839 nobisque·

106 1870 161 1927 que
183 1860 292 1925 praesto
315 1851 380 1916 suit;
405 1860 432 1905 ct
454 1852 528 1907 hunc
549 1851 653 1924 ipsum,
678 1853 724 1926 qui
746 1852 822 1908 illum
845 1870 877 1908 eo
899 1853 926 1907 in
940 1844 1072 1925 'periculo
1093 1851 1130 1906 li-

105 1935 224 2001 beravit,
255 1935 445 2008 implorantes,
475 1936 538 1991 licet
566 1936 669 2010 indigni
698 1954 728 1992 ac
748 1946 832 1994 tanto
855 1936 988 1993 beneficio
1010 1937 1133 2009 impares

106 2038 238 2085 essemus,
263 2019 384 2075 eiusdem
407 2018 573 2092 benignitate
596 2036 626 2076 ac
642 2021 826 2077 misericordia
841 2023 1007 2095 perniciosas
1022 2021 1132 2077 illarum

106 2107 201 2168 maniis
225 2104 377 2178 effugimus,
401 2121 432 2160 ac
454 2105 624 2162 sanctissimo
641 2106 697 2162 beo
719 2107 925 2180 gratulatorium
949 2123 1060 2176 carmen
1081 2124 1129 2164 ce·

106 2191 236 2256 uiuimus,
260 2199 292 2246 ut
313 2190 340 2245 id
362 2207 496 2262 usurpare
519 2191 615 2246 merito
638 2208 797 2264 possemus:
830 2191 977 2247 Cantemus
997 2192 1132 2258 Domino,

104 2278 227 2349 gloriose
255 2276 330 2330 euim
356 2277 554 2349 magnificatus
576 2283 630 2341 est,
661 2292 760 2348 equum
783 2284 809 2331 ct
831 2293 1008 2332 ascensorem
1029 2278 1133 2333 deiecit

106 2363 137 2419 ia
157 2378 237 2417 mere
259 2359 486 2435 (and.X1,l)·
516 2361 610 2434 Neque
632 2362 704 2418 euim
727 2362 850 2418 similiter
871 2371 903 2418 ut
917 2362 961 2418 ille
976 2363 1129 2436 patriarcba

106 2448 131 2503 vi
153 2447 268 2519 quadam
290 2446 396 2502 virtutis
418 2462 450 2502 ac
472 2447 590 2503 iustitiae
612 2456 737 2513 nostrae,
761 2447 810 2502 sed
831 2447 892 2504 fuso
915 2448 949 2504 ad
972 2448 1056 2503 Deum
1078 2464 1132 2521 ga·

106 2533 175 2588 mitu
203 2531 261 2587 eius
291 2549 385 2588 sumus
408 2532 582 2590 miseratione
603 2534 711 2589 servati.
756 2532 823 2589 Cum
846 2534 925 2589 eliam
949 2533 1013 2588 mibi
1036 2542 1131 2606 pestes

107 2615 167 2672 illae
190 2632 239 2688 per
260 2615 407 2672 ludibrium
423 2617 627 2690 exprobrarent,
650 2635 682 2674 ac
696 2635 789 2674 secum
804 2619 917 2674 invicem
932 2618 1077 2674 illudentes
1092 2619 1131 2674 ita

106 2701 298 2772 loquerentur:
322 2700 400 2756 Hunc
422 2701 545 2759 iuvenem
569 2719 677 2759 servare
699 2719 755 2758 non
777 2704 925 2775 potuimus,
948 2703 997 2758 scd
1019 2704 1046 2759 in
1068 2719 1132 2759 ma·

107 2784 188 2840 nibus
209 2785 337 2857 principis
360 2787 449 2859 perire
471 2787 590 2842 sivimus.
631 2787 697 2842 Nam
720 2803 789 2858 qnae
812 2787 897 2842 forma
920 2787 991 2842 inter
1012 2788 1071 2844 illas
1093 2789 1131 2845 li-

106 2869 240 2926 bcraliore
263 2879 318 2934 est,
342 2872 516 2945 semetipsam
538 2869 610 2925 velut
632 2887 722 2926 escam
745 2878 826 2942 atque
848 2869 1002 2925 illecebram
1025 2872 1132 2939 obiicit,

106 2963 138 3011 ut
159 2971 229 3029 quos
252 2955 279 3010 in
301 2955 423 3012 fraudem
445 2956 504 3028 ipsa
525 2954 675 3027 pellerem,
700 2971 755 3010 non
778 2971 825 3010 eos
848 2954 993 3027 profligare
1014 2964 1049 3010 ac‘
1063 2974 1132 3029 per·

106 3040 180 3104 dere,
203 3039 257 3096 sed.
275 3041 382 3113 eripere
402 3041 566 3096 dicatmm
597 3040 630 3095 Et
652 3048 730 3095 erant
751 3055 825 3104 sarie,
850 3056 919 3113 quae
936 3047 992 3094 tum
1009 3039 1050 3095 his
1065 3057 1132 3096 ver-

106 3125 205 3182 borum
226 3124 416 3181 blandimentis
443 3141 473 3180 ac
495 3123 636 3179 lenociniis
659 3123 821 3187 utebantur,
851 3124 988 3196 corporis,
1017 3127 1132 3200 quoad

107 3210 274 3284 peccandum
297 3207 489 3271 abutebantur,
512 3218 625 3264 venusta
647 3226 710 3264 cum
732 3209 827 3282 primis
850 3209 955 3281 specie3
979 3211 1027 3266 sed
1044 3213 1132 3267 miso·

107 3293 191 3368 ricors
215 3295 287 3350 bcus
309 3292 342 3348 ab
364 3292 470 3347 illarum
493 3292 666 3365 improbitate
688 3311 739 3350 uos
761 3294 870 3367 eripuit,
894 3295 962 3351 adeo
985 3306 1016 3352 ut
1037 3299 1133 3370 lpost·

107 3397 187 3452 quam
211 3379 318 3434 illorum
341 3376 425 3432 libros
448 3377 613 3450 perlegimus
637 3388 664 3436 et
685 3379 719 3434 ad
734 3379 854 3434 veritatis
870 3379 1053 3454 cognitionem
1068 3381 1131 3436 ani·

106 3481 179 3518 muru
203 3463 359 3525 adiecimus,
381 3478 432 3517 nec
455 3461 564 3518 abducti
585 3464 627 3519 vel
650 3481 744 3519 earum
763 3464 900 3521 illecebris
923 3468 994 3538 capti
1016 3481 1130 3532 sumus;

106 3548 155 3604 sed
178 3548 319 3618 ellugimus
343 3545 463 3618 tandem)
486 3564 548 3603 mox
571 3548 604 3604 ad
620 3550 774 3622 episcopos,
797 3552 843 3623 qui
859 3552 886 3606 in
902 3551 948 3606 illo
963 3551 1024 3605 locu
1039 3559 1130 3616 erant,

53 3661 55 3664 >
106 3632 213 3690 delerro
234 3631 430 3698 studuerimus,
458 3640 602 3693 eteorum
625 3635 757 3693 hactenus
776 3635 871 3710 ignota
894 3634 1003 3692 noudna
1024 3635 1052 3691 in
1074 3635 1131 3692 Eo·
