2534 4154
164 289 229 357 224
545 328 548 333 -
620 305 734 355 euram

162 451 323 537 ἐγγράφως
344 453 395 513 καὶ
417 449 564 561 ἀγράφως
576 454 721 532 μοιχείαν,
746 451 1183 536 καίοίρσενοκοιτίανςίχειρο-

163 540 270 618 τόνησε
298 537 533 620 Πρεσβύτερον,
564 539 613 599 καὶ
642 537 937 621 depromendum
966 547 1183 606 Procuratorem

163 631 274 688 Latinus
295 631 431 702 interpres
455 631 549 684 vertit:
579 629 641 685 alibi
664 631 849 686 circuitorem.
881 632 953 687 Euit
972 633 1058 705 igitur
1077 650 1184 708 περιο-

163 707 273 789 davide
294 715 440 787 Presbyter
468 724 494 769 et
524 711 674 787 quidem
660 733 691 770 εν
713 709 831 788 κώμαις
853 717 1054 810 Chorepiseopo
1078 717 1184 773 substi-

163 811 250 860 tutus.
295 799 437 856 Caeterum
467 815 527 854 cum
551 799 756 857 Ecclesiasticae
784 817 852 875 opes
880 819 912 857 aa
934 802 1082 875 pecuniae,
1113 820 1183 877 quae

163 904 259 960 magna
282 885 462 958 expertein
485 902 551 940 ersus
575 900 723 958 pauperum
746 884 962 949 insumebantur,
985 887 1096 942 rusticis
1113 904 1186 960 quo-

164 990 218 1046 qne
240 971 355 1044 praediis
378 970 593 1033 continerentur,
616 970 678 1024 inde
700 970 951 1040 iactumnarbitror,
973 981 1003 1027 ut
1025 988 1120 1027 earum
1138 989 1185 1027 re·

163 1074 224 1113 rum
246 1056 349 1112 curatio
367 1055 575 1127 Eborepiscopis
597 1055 779 1110 mandaretur.
810 1055 942 1122 Quocirca
959 1056 1101 1128 peculiaris
1118 1058 1185 1113 baec

163 1142 285 1215 ipsorum
308 1141 390 1196 lunc
372 1149 410 1196 ιο
432 1140 491 1204 luit,
515 1149 545 1194 ut
560 1139 688 1195 Neocaes
707 1140 807 1196 Canon
822 1143 856 1197 13
880 1143 1016 1196 admonet.
1047 1141 1087 1196 nd
1102 1159 1184 1214 quem

163 1227 304 1283 balsamon
331 1219 370 1281 τὰ
398 1218 544 1300 αυριακὰ,
573 1219 624 1278 καὶ
651 1219 789 1296 πτωχικὰ
807 1216 954 1325 χρήματα
976 1226 1128 1298 dispensari
1152 1226 1185 1282 ab

112 1312 215 1370 mattis
238 1311 358 1367 adnotat.
389 1311 506 1365 Zonaras
530 1325 654 1381 quoqne:
678 1299 733 1374 τὰς
754 1303 812 1384 γὰρ
836 1313 898 1366 τῶν
917 1293 1169 1384 Εκκλησιῶν,
1143 1329 1187 1366 ων

164 1395 364 1473 προίσταντο,
400 1384 574 1492 προσόδους
607 1389 649 1460 εἷς
675 1411 837 1467 πτωγους
835 1387 1014 1450 ἀναλίσκειν
1031 1385 1185 1492 ὤφειλον,

163 1501 213 1536 και
207 1477 435 1559 προνοεῖσθαι
458 1470 567 1534 nuncin.
604 1479 671 1533 Tum
695 1497 757 1534 vero
781 1479 925 1535 Damasus:
948 1479 1008 1536 Sec
1025 1481 1103 1552 puio,
1127 1481 1186 1536 Deo

162 1569 281 1639 erotica,
303 1567 384 1620 modo
407 1564 570 1627 necessarii,
593 1565 667 1618 sicut
686 1565 718 1618 io
736 1565 884 1636 primitivo
905 1564 1060 1629 Ecclesia,
1064 1575 1187 1638 propter

162 1653 294 1716 etodium,
317 1652 393 1723 quod
415 1666 484 1720 erpo
501 1665 645 1720 pauperes
668 1651 831 1720 culpabant,
857 1667 916 1704 αοιι
936 1658 1003 1704 scot
1026 1659 1077 1704 etc.
1121 1651 1185 1707 Cer.

163 1738 333 1792 cohibebant
361 1752 393 1791 ea
421 1735 515 1790 Latina
543 1733 658 1789 (lenonis
681 1734 810 1790 Neocaes.
834 1734 1073 1807 interpretatione,
1105 1752 1186 1809 quana

164 1839 196 1876 eu
219 1820 345 1892 Dionysio
368 1819 470 1892 Exiguo
489 1819 618 1873 Damasus
642 1818 686 1874 ille
709 1819 861 1891 descripsit,
884 1819 979 1876 ut'rel
1002 1837 1036 1874 en
1056 1821 1110 1876 boc
1125 1823 1185 1894 ipen

163 1913 325 1959 vetustatem
353 1904 411 1960 eins
441 1920 586 1974 agnoscas,
619 1904 844 1977 quemadmodum
873 1912 901 1960 et
929 1921 961 1960 ex
989 1905 1033 1960 illa
1055 1904 1186 1978 loquendi

164 1989 284 2054 ratione,
306 1989 379 2042 siout
400 1988 431 2042 in
449 1988 596 2058 primitiae
611 1987 757 2043 Ecclesia:
781 2005 811 2044 ac
833 1990 1079 2061 postremoetiam
1094 2007 1127 2046 ex
1141 2008 1185 2055 eo,

163 2073 238 2147 qnod
266 2073 317 2128 sub
340 2072 476 2144 Epistulae
505 2071 586 2126 finem
616 2073 648 2127 de
672 2073 754 2127 Paulo
778 2072 813 2128 ita
836 2074 972 2148 loquitur:
1012 2074 1080 2129 Cum
1102 2077 1186 2131 etiam

163 2158 292 2230 euprepius
312 2157 497 2230 praedicator
519 2158 603 2221 dicct,
627 2159 763 2229 quomodo
779 2159 893 2214 Paulum
909 2151 1186 2232 ἀντιονομοισταιῶς

162 2244 311 2317 Gregorius
334 2244 362 2298 in
385 2242 497 2297 Homilia
522 2245 558 2299 at
583 2242 611 2296 in
634 2242 733 2315 Evang.
756 2252 842 2298 vocat.
885 2244 959 2312 Quae
982 2245 1081 2309 emnia,
1106 2254 1186 2302 utet

162 2329 216 2387 alia
235 2337 373 2392 sescenta,
396 2329 576 2382 recentiorem
599 2328 722 2387 authoris
745 2337 860 2384 aetatem
883 2331 1025 2402 detegunt.
1056 2325 1185 2404 Πταχικ

163 2415 225 2470 κῶν
241 2404 412 2490 χρημάτων
433 2421 461 2468 et
484 2421 621 2468 certorum
643 2413 799 2478 bominum,
829 2413 882 2486 qui
902 2414 1032 2486 pecunias
1054 2413 1186 2471 illasad-

161 2499 366 2562 ministrabant,
397 2498 518 2553 meminit
540 2497 670 2570 Synesius
701 2500 728 2552 in
756 2497 894 2555 luculenta
921 2498 966 2553 illa
988 2498 1112 2572 Epistola
1134 2502 1184 2557 ut

163 2592 261 2656 utputa
283 2583 459 2656 Lamponiani
481 2583 637 2655 Presbyteri
666 2591 694 2638 et
722 2592 784 2639 ente
808 2584 880 2638 bunc
903 2582 1024 2645 Dioscori
1047 2584 1185 2658 Episcopi,

163 2668 197 2723 ile
219 2685 274 2741 quo
297 2668 347 2723 ista
370 2667 479 2723 scribit:
503 2661 633 2766 ποίλὴν
640 2657 723 2767 οιμαι
741 2661 835 2769 χαριν
849 2661 989 2766 ὀφείλειν
1011 2661 1096 2747 uriam
1083 2663 1187 2737 τοὺς

164 2771 195 2808 εν
210 2745 422 2830 Ἀλεξανδρεια
445 2742 656 2824 συμπτώχοις,
681 2735 724 2806 ὧν
744 2747 817 2818 τους
839 2744 952 2847 ἀγρους
974 2749 1102 2810 ἔκπονεῖ.
1139 2754 1186 2813 ni«.

162 2855 225 2893 nem
248 2837 282 2892 de
306 2835 513 2908 Eborepiscopis
535 2837 691 2908 disputandi
711 2836 845 2901 facerem,
873 2838 924 2893 nisi
947 2838 980 2894 ad
1003 2855 1099 2894 eorum
1122 2839 1186 2895 ian

164 2923 281 2979 elienem
303 2921 487 2977 illustrandam
510 2937 595 2993 pauca
617 2921 748 2994 quaedam
765 2931 951 2994 superessent,
974 2941 1045 2995 quae
1059 2932 1186 2995 praeta*-

163 3008 234 3064 mitti
256 3006 332 3062 nelas
353 3005 480 3060 arbitror.
510 3005 643 3078 Imprimis
666 3006 778 3062 basilius
793 3007 922 3081 Epistola,
947 3025 1027 3083 qnam
1043 3008 1186 3066 balsamon

161 3093 235 3151 ieter
258 3078 410 3149 uarietates
438 3090 545 3184 posuit,
575 3091 791 3163 antiquissimum
816 3092 917 3148 bunc
910 3110 938 3148 ιο
959 3092 1081 3148 Ecclesia
1103 3095 1186 3150 ritnrii

163 3178 247 3235 tuisse
269 3178 363 3240 decet,
393 3183 423 3230 ut
445 3175 491 3248 qui
514 3175 547 3230 ad
569 3175 705 3241 Ecclesiae
726 3177 905 3232 ministerium
928 3175 1186 3247 adbibamntm,a

162 3261 333 3336 Presbyteris
355 3270 382 3316 et
405 3260 527 3316 Diaconis
551 3270 613 3316 ante
635 3261 725 3316 omnia
747 3261 853 3333 probati
875 3261 1087 3364 Eborepiseppie
1107 3280 1186 3320 com*

163 3348 370 3403 mandarentur:
396 3337 429 3400 οι
445 3336 501 3411 τὰς
522 3340 608 3444 παρὰ
629 3346 691 3401 τῶν
707 3336 863 3418 ἀληθινοις
876 3338 1121 3445 μαρτυρούντων
1135 3343 1185 3405 de«

163 3425 286 3504 ξάμενοι
308 3424 445 3506 ψήφους,
467 3448 518 3485 και
538 3422 768 3532 υπομνήσαγτες
785 3423 1029 3501 Ἐπίσκοπον,
998 3421 1099 3500 ουτως
1115 3429 1186 3508 tvq-
1257 3428 1260 3433 ’

164 3510 300 3592 ρίθμουν
329 3507 386 3571 τὸν
408 3506 564 3592 ὑπηρέτην
595 3533 638 3592 τῳ
670 3507 802 3589 ταγματι
832 3517 893 3572 τῶν
921 3509 1091 3612 ἱερατικοῖν.
1134 3518 1184 3574 Cei

163 3599 353 3657 consuetudini
381 3601 541 3674 derogatum
569 3571 815 3675 aEborepimopis
838 3601 976 3674 queritur,
1006 3603 1053 3676 qni
1075 3619 1186 3660 omnen
