2534 4154
466 353 755 404 adtatbvtastottts
789 372 794 389 =
888 311 891 318 Ι
1059 339 1078 400 2

106 500 230 566 cundus'
243 507 402 564 embolimus
420 505 556 561 inseritur.
599 506 700 567 Deinde
722 523 753 560 ex
769 505 870 578 epactis
885 507 1017 562 mensium
1035 512 1051 580 7
1068 510 1131 565 anni

106 594 176 650 sexti
202 601 230 648 et
252 592 314 648 anni
339 591 455 664 septimi,
481 608 609 646 necnon
632 599 659 646 et
683 593 699 648 5
723 591 856 646 mensium
879 592 941 647 anni
963 594 1063 658 octavi,
1090 597 1128 652 22

104 681 164 735 iere
190 678 247 734 dies
271 677 401 733 confiunt.
446 675 538 747 Neque
561 684 651 731 tamen
674 675 800 731 dill'ertur
821 675 1011 743 embolismus,
1040 678 1088 733 sed
1112 681 1129 737 8
1189 737 1199 754 ,

105 765 166 820 dies
197 780 230 818 ex
257 763 334 817 anuis
364 760 541 835 sequentibus
570 769 824 833 repraesentantur,
853 770 884 817 ut
906 762 1007 818 solidus¹
1030 764 1130 819 mensis

107 848 265 905 intercalari
292 847 388 920 possit.
433 845 502 900 'lum
522 862 587 901 vero
609 863 641 900 ex
663 845 772 900 residuo
798 849 813 902 ‘l
837 847 971 902 mensium
994 858 1021 904 et
1043 865 1132 904 anuo·

106 951 168 990 rum
194 934 320 995 duorum,
342 931 466 986 videlicet
489 932 506 986 9
531 947 561 984 ac
577 933 624 994 10,
647 929 795 1003 itidemque
817 932 949 986 mensium
970 935 986 988 5
1008 933 1130 1006 priorum

106 1019 172 1074 anhi
191 1017 319 1082 ll,·dies
335 1016 561 1088 cclbguntur33,
586 1013 684 1087 quibus
707 1023 769 1070 octo
793 1015 929 1080 detractis,
954 1034 1022 1089 quos
1046 1035 1131 1092 snpe-

106 1104 166 1159 rior
191 1101 365 1157 embolismus
388 1101 557 1164 exhauserat,
582 1099 703 1173 quinque
726 1108 753 1154 et
767 1100 860 1172 viginti
875 1109 987 1165 restant,
1012 1102 1044 1157 ad
1060 1120 1129 1176 quos

105 1186 286 1259 complendae
309 1186 433 1258 syzygiae
458 1187 474 1240 5
497 1185 540 1240 alii
562 1184 618 1239 dies
641 1184 822 1256 anticipantur
844 1194 871 1240 et
892 1185 1035 1243 undecimo
1058 1205 1128 1243 anno

105 1272 181 1328 hdar
202 1271 340 1327 inseritur.
371 1269 470 1325 Eadem
493 1278 535 1324 est
557 1269 620 1324 anni
647 1273 681 1326 14
706 1269 785 1324 ratio.
831 1269 956 1325 Conliunt
979 1272 1050 1326 enim
1072 1273 1129 1328 dies

110 1359 159 1421 33,
187 1354 342 1430 exquibus
368 1357 384 1410 5
408 1353 503 1409 (liebus
527 1353 674 1426 exemptis,
698 1354 792 1427 quiin
815 1363 985 1410 antecessum
1007 1357 1131 1429 usurpati

107 1442 233 1505 lucrant,
264 1440 456 1511 relinquuntur
479 1441 517 1496 28
542 1438 608 1503 dies,
633 1447 659 1494 et
680 1438 792 1493 biduum
814 1439 847 1494 ad
870 1439 1057 1495 embolismum
1080 1440 1131 1496 cu-

107 1526 267 1582 mulandum
291 1541 306 1580 a
328 1523 506 1596 sequentibus
529 1525 653 1578 sumitur.
684 1523 785 1579 Deinde
808 1541 879 1579 anno
905 1528 939 1581 17
958 1525 1074 1598 Epactae
1096 1525 1130 1581 ad

107 1611 166 1668 dies
192 1613 230 1668 33
261 1609 422 1682 perveniunt
449 1610 632 1680 restitutoque
660 1606 743 1663 biduo
766 1608 811 1663 illo
834 1610 1003 1674 mutuatitio,
1033 1628 1065 1665 ex
1089 1613 1125 1668 31

106 1696 221 1769 reliquis
244 1693 419 1750 intercalatur
433 1694 513 1757 ddar,
537 1702 564 1748 et
585 1710 657 1747 unus
680 1692 737 1747 dies
760 1701 895 1765 superest.
925 1695 1019 1768 ltaque
1034 1695 1061 1750 in
1075 1695 1129 1751 line

108 1781 183 1855 Cycli
199 1782 236 1839 27
262 1780 319 1835 dies
342 1787 454 1841 restant,
479 1787 506 1833 et
526 1778 733 1833 nihilominusl
758 1778 933 1834 intercalatur
958 1780 1144 1846 embolimus,

107 1883 180 1923 anno
207 1868 254 1922 19.
284 1865 356 1920 llaec
379 1864 474 1919 Glossa
496 1863 529 1918 de
545 1862 617 1935 Cycli
639 1862 738 1918 ludaici
760 1871 897 1919 contextu.
928 1851 1035 1939 ln'quo
1058 1883 1130 1921 non-

107 1951 172 2008 dum
202 1949 306 2023 expleta
329 1948 443 2022 Syzygia
472 1964 608 2003 versuram
637 1947 696 2002 fieri
725 1955 751 2002 et
780 1948 919 2021 anticipari
947 1949 1003 2005 dies
1026 1950 1129 2024 aliquot

74 2045 76 2047 '
105 2036 198 2101 vides,
229 2043 324 2090 contra
351 2050 432 2105 quam
454 2032 574 2105 Scaliger
600 2031 672 2089 libl
698 2034 731 2089 de
753 2032 893 2089 Emendat.
916 2035 943 2090 in
967 2035 1059 2109 Comp.
1083 2037 1130 2091 lu-

107 2121 184 2177 daico
209 2119 289 2192 Cyclo
319 2118 492 2174 embolismos
521 2117 690 2191 praecipitari
717 2117 796 2173 nimis
824 2119 1011 2192 imprudenter
1037 2129 1127 2193 negat.

108 2207 271 2279 Quanquam
300 2204 395 2259 Glossa
423 2204 473 2258 ista
502 2204 634 2258 bunarem
662 2219 762 2257 annum
791 2204 912 2275 praecise
942 2205 1044 2260 dierum
1068 2207 1127 2262 354

109 2289 267 2353 constituit,
297 2305 386 2361 neque
416 2287 578 2360 appendices
608 2288 691 2342 horas
721 2304 751 2342 ac
783 2287 901 2343 minutas
929 2287 1127 2360 complectitur,

109 2393 181 2449 quae
211 2382 268 2430 toto
293 2372 373 2446 Cyclo
403 2372 532 2428 collectae
561 2372 617 2426 dies
647 2370 793 2426 conficiunt
817 2373 833 2428 u
857 2372 1015 2434 cumboris
1040 2376 1076 2429 21
1102 2382 1130 2429 et

108 2459 223 2516 minutis
237 2452 294 2529 51‘,
319 2457 417 2530 quibus
432 2458 511 2529 primi
533 2473 563 2512 ac
585 2455 716 2528 postremi
738 2455 887 2511 embolismi
910 2457 1030 2512 delectus
1053 2474 1130 2513 eom-

108 2553 252 2620 pensatur.
284 2542 464 2612 Quamobrem
487 2541 562 2597 rudis
585 2549 627 2595 est
650 2549 677 2596 et
699 2539 856 2594 adumbrata
872 2541 943 2613 Cyoli
965 2541 1064 2598 Iudaici
1079 2543 1131 2598 ista

110 2629 258 2702 descriptio
282 2637 309 2684 et
330 2628 363 2683 ad
385 2627 531 2682 faciliorem
558 2626 716 2680 methodum
739 2641 769 2680 ac
785 2625 942 2698 popularem
958 2635 1066 2700 captum
1081 2646 1131 2701 ap-

108 2715 209 2790 posita,
227 2716 294 2769 'cum
316 2713 426 2768 interim
447 2712 497 2766 alia
520 2712 555 2767 sit
577 2706 649 2783 apud
670 2709 783 2766 ludaeos
798 2710 959 2783 Epactarum
982 2729 1132 2769 annorum-

110 2817 165 2874 que
188 2797 375 2855 conformatio.
406 2797 484 2865 Quod
506 2797 576 2852 idem
599 2795 632 2851 de
654 2795 795 2868 Epiphauii
815 2795 984 2854 Oeta‘eteride
1006 2815 1132 2872 pronun-

110 2885 183 2942 ciare
205 2884 277 2948 licet,
301 2900 381 2956 quam
403 2882 445 2938 vel
466 2881 547 2946 nulli,
571 2881 627 2946 vel,
651 2880 673 2934 si
696 2880 782 2945 forte,
805 2883 974 2955 paucissimi,
998 2892 1062 2956 post
1083 2884 1132 2939 Ni-

110 2986 226 3027 ccenum
250 2969 385 3024 Ganonem
414 2967 552 3024 eonditum
581 2966 612 3021 ad
643 2965 800 3021 Pascbalem
828 2983 908 3022 usum
937 2967 1129 3033 adhibuerunt.

109 3054 187 3110 llanc
214 3053 292 3109 nobis
324 3053 356 3108 de
386 3052 550 3109 embolismis
577 3051 787 3123 disputationem
820 3053 925 3124 peperit
954 3052 1130 3107 Octaeteridis

107 3139 311 3212 Epiphanianae
334 3138 484 3209 dispositio.
516 3137 589 3205 Quae
613 3136 705 3191 tandiu
727 3137 770 3191 bic
792 3135 893 3191 babere
914 3136 1004 3191 locum
1027 3135 1129 3200 debuit,

110 3224 175 3279 dnm
198 3222 326 3279 uberiore
342 3240 356 3276 a
372 3222 450 3278 nobis
467 3221 675 3285 Commentario,
695 3237 776 3295 quem
791 3220 823 3276 de
841 3229 992 3293 temporum
1008 3221 1181 3282 doctrinaac3
1233 3260 1236 3265 -

109 3309 282 3376 meditamur,
305 3307 397 3362 eadem
420 3307 463 3362 illa
486 3315 677 3380 pertractetur.

196 3389 328 3468 γίνονται
352 3386 477 3448 inaurat
501 3385 551 3466 ιη’]
585 3391 660 3446 Corr.
684 3382 729 3457 ιζ’.

200 3480 260 3537 826
277 3477 305 3532 b.
336 3472 367 3532 ἓν
389 3469 508 3542 τούτοις
528 3477 593 3540 τοῖς
612 3468 711 3552 τρισὶν
733 3467 921 3545 ἓμβολίμοις]
947 3475 985 3529 Ne
1001 3475 1053 3529 hcc
1069 3475 1132 3548 qui-

113 3564 175 3619 dem
204 3581 313 3628 verum,
343 3571 389 3617 aut
417 3561 481 3616 satis
504 3569 628 3615 accurate
650 3558 765 3622 dictum,
796 3557 990 3615 dissensionem
1012 3576 1130 3625 omnem,

113 3667 184 3724 quae
201 3648 369 3705 Christianos
391 3647 463 3703 inter
484 3662 515 3701 ac
529 3645 642 3701 ludaeos
665 3653 693 3699 et
715 3651 837 3699 caeteros
857 3643 1056 3711 intercesserat,
1079 3646 1132 3701 hoc
