2534 4154
111 303 153 364 to
563 312 677 362 rursm

113 470 220 533 lastrio,
245 469 361 532 Isidoro,
391 475 419 522 et
440 468 493 535 hoe
515 477 609 522 nostro
632 475 822 530 numerantur,
845 465 943 539 partim
964 465 1127 521 ludaeorum

113 572 167 610 non
191 570 251 608 esse
272 553 408 625 proprias,
438 551 535 624 partim
561 569 595 607 nc
617 551 748 606 Haereses
771 551 879 624 quidem
901 550 999 616 videri,
1028 551 1127 623 partim

113 638 228 710 denique
251 653 266 692 a
287 637 373 692 tribus
395 636 447 691 illis
473 636 628 692 matricibus
650 653 706 692 non
722 652 782 691 esse
798 636 952 699 distinctas,
977 643 1130 707 quaesunt

105 722 328 786 Pharisaeorum,
351 721 577 786 Sadducaeorum,
600 721 774 776 Essenorum.
819 720 856 776 lle
878 719 977 793 quibus
999 720 1128 792 quoniam

112 823 217 863 summa
239 822 300 861 cum
322 806 472 862 eruditione
495 823 525 862 ac
547 806 683 878 diligentia
708 805 961 861 Serrarius'noster
983 804 1070 860 tribus
1092 804 1130 859 li·

112 891 169 948 bris
191 891 325 955 disseruit,
349 898 376 947 et
399 909 467 963 quae
489 891 522 946 de
544 891 576 947 iis
599 890 734 946 observari
757 906 771 944 a
793 907 836 944 me
859 898 970 962 possent
986 889 1130 962 occupavit

112 976 209 1040 omnia,
233 975 359 1048 cupidum
382 992 474 1031 carum
496 993 586 1031 rerum
602 977 742 1031 beatorem
765 976 798 1029 ad
819 974 890 1030 illius
909 973 1129 1030 lucubrationem

111 1056 299 1116 dimittendum
326 1062 417 1132 potius
446 1060 562 1116 arbitror
589 1077 668 1133 quam
702 1060 787 1115 otiosa
816 1059 978 1132 repetitione
1001 1059 1131 1115 detinen-

112 1147 184 1202 dum.
217 1144 342 1200 Conferat
365 1146 444 1201 etiam
466 1145 488 1200 si
510 1145 586 1200 lubet
608 1161 669 1200 cum
693 1144 806 1199 Serrarii
821 1144 1000 1208 Tribaerosio,
1025 1160 1056 1200 aa
1077 1143 1130 1198 lli-

111 1230 219 1294 nervali,
243 1245 312 1302 quae
338 1230 450 1285 brusius
474 1237 501 1285 et
522 1230 565 1285 alii
589 1229 697 1304 quidam
721 1229 753 1283 de
770 1229 865 1284 eodem
881 1237 1041 1301 argumento
1058 1228 1132 1284 scri-

110 1323 233 1388 pserunt.
277 1314 331 1370 Nos
354 1316 424 1370 enim
446 1315 490 1369 bic
513 1331 543 1368 ea
565 1323 669 1369 tantum
693 1313 888 1391 adnotabimus,
917 1329 986 1386 quae
1008 1313 1040 1367 ad
1063 1313 1132 1369 ittu-

110 1400 250 1478 strandum
272 1399 450 1474 Epiphanium
476 1399 628 1458 necessaria
649 1398 821 1453 videbuntur.

327 1618 369 1672 DE
392 1616 534 1673 HAERESI
556 1617 610 1672 XIV
632 1618 910 1674 SADDUCAEOEUM.

197 1740 231 1795 31
251 1754 274 1792 c.
303 1735 419 1810 πρῶτοι
434 1730 642 1790 Σαδδουκαῖοι
665 1728 856 1809 ἀπόσπασμα
870 1726 965 1808 ὄντες]
990 1737 1130 1805 Quantum

111 1839 143 1878 en
168 1823 225 1886 bis,
255 1839 323 1896 quae
345 1820 510 1893 Epiphanius
538 1821 565 1876 in
588 1822 629 1876 bis
652 1822 733 1878 sectis
756 1822 888 1894 prodidit,
912 1822 1001 1895 colligi
1023 1830 1129 1894 potest,

111 1906 164 1961 duo
186 1907 261 1962 luere
284 1905 414 1962 Dosithei.
445 1905 528 1970 Alter,
552 1906 677 1978 idemque
694 1915 822 1979 tempore
839 1907 984 1981 posterior,
1008 1906 1132 1962 Samari-

110 1998 204 2056 tanuS,
234 1992 310 2046 cuius
338 1990 459 2045 meminit
481 1989 625 2062 Origenes:
656 1991 725 2047 alter
752 1993 833 2064 louge
856 1992 1005 2064 antiquior,
1034 2007 1049 2044 a
1072 2007 1131 2064 quo

89 2084 273 2153 ¹propagatos
301 2093 362 2132 esse
384 2073 536 2130 Saducaeos
564 2092 619 2130 non
641 2076 807 2148 Epiphanius
835 2077 939 2140 solum,
969 2076 1016 2130 sed
1045 2076 1129 2130 etiam

110 2158 288 2234 Hieronymus
312 2168 436 2223 testatur,
461 2157 570 2231 Dialogo
594 2169 687 2216 eontra
702 2162 818 2217 Lucifer.
852 2162 950 2224 Taceo,
973 2161 1069 2232 inquit,
1094 2162 1129 2215 de

109 2245 246 2301 ludaismi
268 2245 441 2308 Haemonis,
471 2245 606 2314 quiante
629 2248 778 2300 aduentum
803 2245 907 2300 Christi
928 2248 1014 2316 legem
1036 2246 1130 2300 tradi-

110 2338 167 2386 tam
182 2331 374 2404 dissiparunt:
387 2332 461 2402 quod
470 2328 629 2395 Dositheou,
645 2330 890 2386 Samaritanorum
901 2332 1043 2402 princepe,
1060 2347 1130 2401 pro·

106 2416 209 2489 phetas
230 2416 407 2488 repudiauit:
431 2417 506 2487 quod
522 2414 683 2471 Sadducaei
705 2433 740 2471 eu
761 2417 839 2472 illius
862 2416 959 2471 radice
979 2421 1129 2469 nosce-ntes

110 2503 194 2556 etiam
215 2502 447 2556 resurrectionem
469 2503 564 2556 caruis
586 2509 768 2572 maganerum.
797 2502 834 2555 Ea
850 2500 970 2556 Dosltlrei
993 2516 1058 2571 ergo
1081 2515 1131 2553 ra-

110 2585 169 2640 dice
197 2587 252 2640 nati
280 2595 344 2641 sunt
366 2585 529 2650 Sadducaei;
560 2586 633 2656 quod
661 2594 703 2640 est
732 2586 803 2641 idem
832 2595 912 2659 atque
934 2574 1129 2656 ἀπόσπασμα

109 2668 193 2722 fuisse
215 2670 277 2723 τῶν
297 2664 472 2724 Acce-idme.
503 2669 535 2723 Ut
557 2670 648 2724 mirari
664 2669 784 2742 Scaliger
806 2670 909 2725 desinat
928 2669 960 2723 ab
976 2669 1130 2741 Epiphanio

110 2751 137 2806 id
160 2743 226 2806 ¹esse
253 2753 391 2823 scriptum.
437 2753 530 2823 ltaque
553 2753 699 2808 Dositheus
726 2755 866 2810 aludaeis
889 2753 922 2807 ad
944 2753 1131 2808 samaritanos

65 2888 69 2896 ,
111 2834 246 2899 deficiens,
269 2836 432 2907 peculiarem
456 2835 510 2891 illic
532 2845 633 2891 sectam
656 2838 783 2892 condidit.
816 2839 900 2906 Quam
923 2846 1018 2909 postea
1040 2838 1131 2893 Sado-

92 2919 160 2974 'lrus
175 2919 354 2991 interpolavit,
372 2936 432 2974 eum
450 2920 549 2991 etipse
566 2926 597 2975 ad
615 2920 796 2977 Samaritanos
814 2939 829 2976 a
844 2921 949 2977 ludaeis
965 2922 1127 2979 transiisset.

194 2994 413 3076 ἐπονομάζουσι
437 2998 471 3058 δὲ
493 2987 578 3061 οὗτοι
600 2995 742 3079 ἑαυτούς]
772 3006 900 3063 Saducaei
923 3005 1032 3078 passim,
1057 3006 1129 3079 apud

111 3090 226 3146 Graecos
248 3089 369 3154 maxime,
394 3089 529 3162 geminato
547 3085 566 3145 d
581 3089 751 3145 scribuntur:
776 3092 852 3164 quasi
868 3100 940 3146 esset
956 3102 1034 3165 prust
1050 3091 1130 3163 Apud

109 3175 175 3231 LXX
196 3174 397 3248 antiquissimus
419 3174 464 3229 ille
480 3174 620 3240 Sacerdos
645 3167 779 3231 Σαδούκ.
809 3176 847 3231 ue
864 3193 917 3251 quc
937 3176 1046 3248 copiose
1062 3177 1132 3231 Ser·

108 3259 195 3316 rarius
223 3277 254 3315 aa
276 3259 397 3314 Drusius.
443 3258 539 3315 Sadoci
566 3278 648 3332 porro
682 3261 794 3326 extitem
817 3262 885 3317 duo:
917 3278 1032 3335 quorum
1056 3278 1131 3316 unus

109 3343 237 3402 duntaxat
266 3343 299 3400 ab
322 3344 471 3418 Epiphanio
500 3354 681 3410 memoratus,
711 3346 757 3418 qui
785 3346 890 3402 Davidis
921 3354 947 3401 et
976 3345 1130 3401 Salomonis

108 3437 195 3485 actatc
218 3429 295 3495 vixit3
319 3428 387 3484 alter
407 3429 516 3501 Antigni
541 3430 703 3502 discipulus,
728 3431 804 3487 cuius
828 3432 919 3487 socius
942 3440 968 3487 et
991 3429 1129 3485 condisci-

107 3513 187 3585 pulus
210 3515 260 3569 luit
282 3514 406 3580 Baitbos;
429 3521 459 3569 ut
483 3515 583 3568 author
605 3523 647 3570 est
668 3514 738 3569 Elias
761 3516 789 3571 in
804 3516 906 3572 Thisbi.
937 3515 976 3570 Ab
1000 3516 1052 3569 boc
1075 3531 1130 3587 po-

107 3596 221 3654 steriore
237 3599 364 3654 saducaei
389 3616 449 3653 eum
472 3599 577 3671 origine
600 3612 698 3654 nomen
722 3611 895 3674 acceperunt.
926 3600 1030 3655 Etenim
1047 3599 1129 3654 ambo
