2534 4154
422 329 499 382 ACTA
518 331 737 383 cotttdttttu’t.
1020 337 1097 383 xm

76 490 154 546 etesia
183 488 322 562 detegere.
368 486 406 544 Ex
435 505 489 562 quo
511 488 612 544 iactum
635 498 691 554 est,
714 496 747 544 ut
767 489 906 563 octoginta
928 489 985 546 iere
1007 498 1096 563 capite

74 575 197 631 exsulare
226 574 300 630 iussa
327 590 343 629 a
370 572 434 629 lolio
463 574 603 647 spinisque
631 574 688 630 suis
716 573 1007 648 repurgatam‘urbem
1029 576 1097 632 reli-
1141 638 1147 645 5

74 656 208 734 querint'’.

64 761 68 801 1
159 747 188 801 9.
235 743 378 800 Caeterum
406 744 549 816 spurcitias
578 742 649 800 iliius
678 744 824 800 haereseos
846 743 964 800 lectione
986 754 1014 800 et
1035 741 1098 800 ser-⁰

74 845 170 894 mone,
196 845 252 884 nou
274 837 365 885 autem
388 837 416 885 et
437 846 490 884 usu
513 829 650 901 cognitas,
682 829 782 885 iterum
803 829 958 902 iterumque
981 838 1098 888 testatur

74 914 242 988 Epiphanius
264 913 300 970 ita
321 930 507 987 prosequens:
532 912 726 969 “Ostendimus
748 930 829 969 unam
848 913 917 969 illam
935 931 966 970 ex
981 915 1014 970 iis
1029 915 1098 970 hae·

73 999 181 1057 essibus
211 1015 288 1064 esse,
317 998 351 1055 de
379 1015 432 1072 qua
462 998 528 1054 certi
550 997 737 1072 exploratique
759 998 859 1071 aliquid
881 998 977 1056 afferre
999 1016 1098 1072 posse·

74 1102 151 1150 mus3
180 1101 238 1139 non
268 1101 300 1140 ex
327 1100 361 1140 eo
390 1083 463 1156 quod
491 1083 657 1156 gesserimus
685 1083 736 1155 ipsi
764 1083 879 1152 (evenat
906 1085 960 1140 hoc
982 1102 996 1139 a
1018 1084 1099 1143 nubis

74 1169 193 1242 usust),
224 1168 272 1224 sed
302 1184 334 1224 ex
362 1185 395 1224 eo
418 1169 491 1240 quod
513 1167 545 1223 ab
569 1168 601 1223 iis
623 1177 748 1223 accurate
769 1168 927 1234 didicimus,
956 1169 1004 1244 qui
1025 1169 1098 1243 iiiam

75 1253 155 1311 uobis
178 1253 344 1327 persuadere
366 1253 467 1309 frustra
489 1253 642 1318 volucrunt,
666 1262 693 1308 ct
715 1261 874 1325 conceptam
890 1253 923 1309 de
939 1263 1034 1310 nostro
1050 1270 1099 1311 en-

72 1340 124 1396 itio
155 1355 233 1411 spem
255 1338 363 1410 penitus
384 1337 559 1404 abieceruut;
589 1355 651 1393 cum
674 1337 785 1394 insidiae
808 1354 903 1393 omues
926 1355 957 1394 ac
979 1338 1097 1404 fraudes,

76 1440 145 1499 quas
173 1423 221 1478 ad'
236 1422 349 1478 infelicis
371 1423 475 1478 animae
497 1431 614 1479 nostrae¹
629 1423 776 1496 perniciem
799 1431 852 1477 tam
874 1422 926 1495 ipsi
948 1440 1029 1496 quarn
1052 1423 1099 1495 qui

77 1511 104 1564 in
132 1508 200 1580 ipsis
229 1508 300 1563 incst
322 1506 445 1563 diabolus
467 1507 612 1577 machinati
635 1507 756 1572 inerant,
786 1507 878 1563 irritae
899 1516 981 1581 atque
1004 1508 1098 1563 inanes

76 1593 262 1658 exstitissent3
291 1600 322 1648 ut
338 1593 403 1648 -hoc
431 1610 445 1648 a
468 1592 574 1648 Doride·
592 1583 695 1648 dictum
717 1592 994 1648 accommodatissime
1016 1609 1100 1646 usun-

78 1695 144 1752 pare
166 1677 313 1751 possimus,
336 1677 464 1748 Sagittae
482 1679 670 1748 porvulorum
690 1677 785 1749 suctos
806 1685 871 1732 sunt
882 1678 990 1748 pioque
1004 1693 1101 1732 corum

78 1763 169 1836 (Paul.
186 1762 273 1824 txttt,
287 1763 317 1832 8)
348 1771 417 1828 etc.;
449 1772 506 1818 tum
535 1761 615 1826 illud,
647 1761 828 1818 Convertetur
849 1753 1048 1818 tator'eorom
1068 1763 1100 1816 ite

77 1855 165 1920 caput
185 1848 319 1918 ipsorum,
343 1854 369 1901 et
390 1848 526 1917 iniquitas
548 1863 643 1901 eorum
657 1849 688 1902 in
702 1849 832 1902 uerticem
846 1848 972 1918 ipsorum
987 1848 1101 1903 decocu-
1171 1904 1174 1911 ,

78 1934 122 1988 det
146 1931 236 2001 (Pani.
249 1931 302 1994 Vll,
316 1936 349 1988 tt
355 1942 374 2001 t.
417 1932 504 2004 igitur
525 1931 751 2004 quemadmodum
774 1933 814 1988 sic
835 1950 885 1988 nos
909 1933 935 1987 in
958 1932 1032 1988 illurn
1055 1949 1101 1988 en·

78 2033 170 2079 rorem
193 2016 365 2080 incurrimus,
388 2025 420 2072 ut
440 2016 512 2072 illius
534 2033 630 2072 noxam
653 2016 849 2090 congeminum
874 2034 990 2090 eumque
1004 2016 1102 2073 simui·

77 2101 247 2175 selegimus
270 2101 437 2166 damnantes,
471 2101 534 2156 salvi
557 2110 638 2175 atque
660 2102 810 2159 incolumes
832 2102 1030 2176 praetergressi
1052 2119 1102 2158 su·

81 2204 158 2242 mus:
189 2186 227 2242 ita
255 2193 296 2250 te,
325 2186 448 2260 quisquis
477 2203 506 2242 cs
533 2187 582 2260 qui
608 2188 658 2242 ista
680 2186 763 2260 legis,
793 2188 951 2252 hortamur,
979 2196 1010 2244 ut
1030 2188 1101 2244 lecta

79 2272 184 2346 pariter
208 2287 239 2327 ec
261 2270 386 2326 damnata
408 2270 556 2335 transilias,
586 2288 621 2326 ne
644 2272 670 2326 iu
693 2280 851 2344 serpentum
875 2272 1007 2327 eiusmodi
1028 2271 1102 2326 velut

76 2354 263 2430 improbitatis
291 2354 426 2428 quoddam
456 2356 529 2411 virus
552 2355 674 2421 incidas;
704 2373 735 2411 ac
758 2357 780 2411 si
803 2358 910 2429 quando
933 2356 1046 2411 forsitan
1070 2371 1102 2413 ex

80 2442 132 2498 hac
154 2448 313 2513 serpentum
336 2440 429 2497 schola
451 2441 604 2513 quempiam
623 2440 777 2505 offenderis,
800 2440 891 2496 subito
907 2439 1010 2513 lignum
1025 2439 1101 2502 iliud,

79 2524 155 2601 quod
184 2524 264 2580 nobis
291 2525 442 2580 adomim
465 2535 650 2597 comparatum
673 2534 715 2580 est
737 2525 814 2581 etin
837 2540 891 2598 quo
915 2524 1038 2581 Christus
1061 2525 1103 2582 ai·-

78 2609 150 2667 fixus
164 2619 225 2673 est,
248 2610 385 2683 arripias”.
414 2609 552 2673 Hactenus
567 2609 742 2683 Epiphanius,
766 2609 919 2684 exquibus
942 2611 1007 2666 satis
1022 2627 1103 2668 vero·

80 2695 169 2751 simile
191 2694 268 2750 reddi
288 2705 425 2767 putamus,
447 2695 521 2768 quod
543 2694 619 2750 initio
641 2694 702 2759 dixi,
727 2712 798 2758 eum,
822 2711 883 2751 cum
906 2695 934 2751 in
951 2695 1103 2768 periculum

79 2779 155 2836 istud
176 2779 284 2843 incidit,
309 2779 490 2836 Christianum
512 2779 610 2844 fuisse,
639 2789 712 2836 caste
734 2797 765 2836 ac
787 2779 885 2853 pudice
907 2798 921 2836 a
944 2780 1102 2837 Christianis

81 2863 242 2937 parentibus
260 2864 418 2920 educatum:
442 2874 555 2937 apparet
569 2865 649 2920 etiam
665 2865 781 2922 necdum
796 2865 906 2922 sacculo
921 2868 1104 2928 renuntiasse,

82 2951 116 3006 de
144 2965 199 3024 quo
225 2948 305 3004 talem
327 2966 404 3022 spem
427 2948 478 3005 sibi
500 2949 633 3006 tinxerant
655 2950 790 3014 Gnostici;
821 2959 914 3006 contra
937 2968 1018 3024 quam
1041 2965 1103 3005 eum

81 3033 161 3090 nohis
185 3034 368 3090 commentitia
389 3036 455 3090 dcto
477 3043 692 3108 repraesentant,
715 3036 843 3091 Iudaeum
867 3052 898 3091 ex
915 3035 1030 3098 ludaeis,
1053 3032 1104 3088 iis·

80 3134 136 3191 que
157 3119 303 3174 rusticanis
326 3127 354 3174 et
375 3117 550 3193 pauperibus,
574 3129 602 3176 et
624 3120 699 3193 prius
722 3120 750 3175 in
773 3119 924 3192 patria-sua
939 3118 1103 3175 monachum

82 3219 164 3278 quam
187 3203 249 3259 inde
271 3203 368 3276 pedem
390 3202 508 3260 efferret.

171 3289 238 3345 10.·
263 3287 362 3345 Eadem
383 3297 524 3354 asserunt,
554 3289 643 3362 ipsum
665 3288 737 3344 inter
758 3285 962 3361 valedicendum
983 3285 1105 3341 interro-

80 3382 175 3445 gatum
196 3371 231 3439 ab
253 3373 543 3450 imperatorertrcadio
568 3381 656 3447 “quot
677 3390 762 3429 anuos
786 3380 859 3429 esset
874 3381 964 3435 natus,
986 3385 1105 3442 respon-

80 3458 164 3522 disse,
187 3465 298 3514 centum
314 3467 342 3515 et
356 3459 518 3531 quindecim,
542 3467 570 3514 et
586 3467 641 3515 tres
657 3458 790 3515 meuses''.
822 3456 865 3512 Sic
882 3464 972 3511 autem
988 3455 1104 3511 dixisse:

83 3542 154 3598 “Fui
177 3542 332 3616 episcopus,
356 3559 417 3599 cum
441 3559 528 3600 essem
551 3559 636 3599 anuos
658 3542 796 3616 sexaginta
817 3549 913 3606 uatus;
936 3540 975 3596 sui
996 3557 1060 3597 vero
1076 3540 1105 3599 in

80 3627 243 3701 episcopatu
270 3628 465 3702 quinquaginta
492 3627 612 3704 quinque
634 3645 720 3685 annos
743 3634 771 3683 et
791 3634 848 3684 tres
871 3627 1006 3682 meuses''.
1051 3625 1106 3682 Sed

911 3724 953 3774 C*
