2534 4154
178 311 240 377 288
580 263 586 276 ι
638 328 751 380 amrin
819 338 822 347 ·

174 481 234 549 tur,
259 483 349 538 mnus
378 482 568 554 baptizentur,
596 483 671 554 quod
697 484 726 562 si
751 484 782 538 in
809 479 895 537 Patre
924 481 1048 539 allilia
1076 490 1103 539 et
1124 481 1191 558 Spi-

173 570 231 623 ritu
251 574 349 623 sancta
370 567 508 638 baptizati
527 567 647 638 suerint,
677 583 779 623 monus
808 573 915 622 tantum
936 568 976 622 eis
997 569 1189 640 imponantur,

173 659 204 706 ut
225 653 369 724 accipiant
389 649 527 723 Spiritum
548 659 683 707 sanetum.
714 653 748 707 m
768 652 883 724 August.
907 651 956 710 la
979 651 1012 708 de
1028 653 1105 726 bapt.
1123 669 1192 708 eon·

173 745 216 793 tra
238 736 390 793 Donatistae
411 752 435 792 c.
451 738 502 792 15:
528 736 715 805 Quamobrem
736 737 761 792 si
782 735 976 807 annpelicis,
1000 737 1106 810 inquit,
1129 754 1192 792 oer-

174 820 216 877 bis
238 822 400 878 innomine
421 821 516 876 Patris
539 829 565 876 et
586 821 657 876 Filii
678 829 703 876 et
725 820 849 893 Spiritus
870 823 963 877 saneti
984 821 1119 880 Marcion
1141 824 1192 878 ba·

169 908 304 979 ptumum
330 907 528 972 consecrabat,
556 907 695 977 inleprum
723 913 785 961 erat
806 905 1033 972 Sacramentum,
1063 908 1192 978 qrtamois

173 992 233 1046 eius
254 991 323 1065 fides
344 991 396 1046 sub
418 992 522 1046 eisdem
543 993 636 1046 verbis
657 992 737 1046 alind
769 991 914 1063 opinantis
936 1007 1020 1063 quam
1044 989 1192 1048 Catholica

171 1077 279 1130 veritas
300 1077 387 1139 docel,
408 1093 467 1130 non
489 1082 560 1131 esset
580 1076 700 1147 inleprm
724 1077 774 1130 sed
793 1076 933 1146 fabulosis
954 1076 1134 1147 falsitatibus
1148 1077 1192 1132 in·

172 1160 299 1232 quincta.
328 1159 404 1217 Nam
424 1162 476 1215 sub
498 1161 601 1216 eisdem
621 1161 723 1226 verbis,
745 1161 777 1216 id
799 1167 840 1215 est
861 1161 893 1215 in
912 1162 1025 1217 nomine
1046 1160 1146 1216 Patris
1167 1167 1193 1217 et

172 1244 244 1301 Filii
265 1252 291 1301 et
311 1244 436 1318 Spiritus
457 1246 565 1310 saneti,
587 1261 645 1301 nan
665 1246 756 1301 solum
777 1243 916 1311 Marcion,
940 1253 990 1300 aut
1017 1245 1190 1310 Valentinus,
1258 1236 1261 1244 ’

172 1337 223 1386 aut
237 1327 331 1395 Arius,
354 1338 404 1385 aut
418 1329 582 1394 Ennomius,
605 1331 655 1384 sed
675 1331 731 1402 ipsi
753 1331 885 1386 carnales
903 1331 1022 1402 paruuli
1035 1329 1190 1396 Ecclesiae,

171 1416 206 1471 de
234 1416 333 1488 quibus
360 1416 471 1471 dieebm
497 1412 662 1487 Apostolus:
691 1431 748 1469 non
771 1415 854 1487 potui
882 1415 959 1487 loqui
984 1416 1090 1480 coln,
1109 1415 1191 1488 quasi

170 1500 364 1573 spiritalibus,
386 1501 437 1555 sed
458 1500 540 1573 quam
562 1499 740 1563 carnalibus,
763 1499 791 1553 si
807 1505 924 1571 possent
944 1500 1050 1571 sinpuli
1071 1501 1190 1572 dilipen·

170 1585 414 1657 terinlerropari,
439 1591 477 1640 tot
500 1585 677 1641 diversitates
699 1584 861 1656 opinionum
881 1584 1014 1655 fortassis
1041 1591 1109 1657 quot
1141 1584 1191 1640 bo·

169 1671 257 1725 mines
279 1678 503 1726 numerarentur.
533 1669 675 1726 Postremo
698 1668 810 1724 Basilius
832 1668 859 1723 in
881 1668 1001 1741 Epistola
1023 1668 1056 1724 ad
1076 1669 1191 1744 Amphi-

170 1753 290 1810 lochium
313 1754 376 1810 Can.
394 1757 431 1812 47
456 1754 621 1820 Eneratitas‚
644 1753 833 1826 Saceophoros
856 1761 883 1809 et
905 1753 1071 1827 Apotactitas
1099 1754 1190 1811 denuo

170 1837 346 1910 baptizandos
369 1855 430 1894 esse
452 1847 546 1895 censet
567 1839 626 1912 ipse
640 1838 759 1912 quidem.
789 1838 836 1894 Sin
852 1846 903 1903 est,
928 1845 959 1894 ut
973 1837 1188 1912 Amphilochius,

170 1921 285 1996 perinde
305 1939 335 1978 ac
358 1923 484 1987 Romam,
509 1918 683 1997 οἰκονομίας
703 1914 785 1989 τινὸς
807 1915 908 1994 ἕνεκα,
930 1915 965 1978 τὸ
988 1924 1044 1979 τοῦ
1067 1915 1190 1996 ἀναβα-

143 2007 304 2080 νπαισμαῦ
325 2014 446 2080 respuat,
469 2006 644 2063 nihilominus
665 2006 798 2078 rationem
818 2024 897 2069 ,suem
914 2007 1001 2064 valere
1016 2009 1188 2082 pronunciat.

171 2091 229 2160 Quo
252 2091 286 2146 de
308 2107 337 2146 re
360 2090 461 2164 Synobi
483 2092 622 2148 decretum
646 2091 850 2164 expectandum.
889 2092 962 2148 ldem
984 2101 1075 2149 autem
1098 2093 1187 2150 Gemi

170 2193 203 2233 eo
232 2176 403 2250 propendere
432 2175 551 2240 videtur,
580 2184 612 2231 ut
634 2174 789 2232 Haeretieos
812 2192 907 2232 amires
928 2177 1026 2233 iterato
1047 2175 1191 2252 baptizan-

170 2262 220 2317 dos
242 2278 304 2318 esse
318 2261 455 2317 decernat.
481 2261 546 2316 Nam
561 2260 633 2316 aliud
648 2276 711 2316 esse
725 2258 789 2317 dicit
804 2260 944 2327 Eneresin,
968 2261 1040 2318 aliud
1055 2262 1187 2328 Schisma,
1235 2283 1237 2289 ¹

170 2345 240 2402 aliud
262 2337 535 2423 παρασσναγωγήν.
578 2345 703 2402 haeresis
726 2352 768 2402 est
790 2362 860 2419 quae
883 2347 1049 2404 contrarium
1071 2347 1189 2420 aliquem

169 2431 231 2488 iidei
253 2439 347 2487 tuetur
367 2447 498 2487 errorem.
538 2429 661 2487 Schisma
682 2446 747 2486 vero
768 2429 908 2486 dissidium
930 2439 972 2487 est
994 2430 1029 2487 oh
1052 2431 1189 2488 Ecclesia-

169 2516 249 2573 sticas
272 2515 401 2590 quasdem
424 2516 621 2572 controversias
637 2524 771 2572 exortum.
798 2516 831 2571 ht
845 2509 1102 2593 ααρασυναγαγὴ,
1125 2532 1188 2572 eum

169 2608 341 2656 contumaees
363 2600 527 2674 Presbyteri,
550 2607 597 2656 aut
617 2599 752 2674 Episcopi,
776 2608 824 2656 aut
846 2600 926 2656 etiem
947 2601 1018 2656 Laici
1039 2617 1095 2657 non
1117 2600 1189 2675 legi·

169 2684 249 2740 timos
271 2695 420 2740 conventus
443 2684 552 2746 hahent,
583 2685 638 2740 lam
660 2684 706 2757 qui
729 2702 761 2740 ex
776 2684 927 2741 Schismate
949 2694 996 2742 aut
1009 2702 1188 2764 παρασυνα-

168 2769 251 2846 γωγῇ
278 2769 310 2824 ad
337 2769 484 2825 Ecclesiam
511 2777 700 2835 revertuntur,
729 2786 763 2825 ex
790 2770 922 2826 maiorum
954 2769 1100 2827 traditione
1129 2770 1187 2827 siue

168 2852 302 2928 baptismo
324 2853 494 2927 recipiendos
517 2870 578 2910 esse
600 2853 701 2918 definit,
732 2853 888 2911 Haeretieos
911 2863 1002 2911 autem
1024 2855 1115 2912 denuo
1137 2854 1189 2911 ha-

167 2938 319 3014 ptisandos.
363 2938 536 3012 Quanquam,
559 2939 655 3012 inquit,
680 2938 828 3013 Cyprianus
850 2948 878 2996 et
899 2940 1072 2997 Eirmilianus
1091 2956 1186 2997 omnes

168 3033 222 3081 tam
244 3023 400 3081 haereticos
427 3040 507 3098 quam
530 3023 721 3080 Schismatieos
754 3023 961 3097 rebaptizandos
985 3041 1046 3081 esse
1069 3041 1186 3081 censue-

168 3118 244 3175 rant,
267 3109 349 3182 quod,
373 3125 434 3164 eum
456 3126 487 3165 se
509 3107 541 3164 ab
564 3107 700 3165 Ecclesiae
722 3109 913 3166 communione
935 3110 1118 3175 seiunxerint,
1142 3110 1186 3166 in-

168 3202 291 3268 terrupta
312 3193 348 3251 sit
369 3194 396 3249 in
418 3194 469 3250 illis
491 3192 608 3267 Spiritus
630 3193 717 3249 sancti
738 3193 833 3266 gratia,
856 3211 908 3250 nec
929 3211 988 3250 eam
1010 3195 1038 3250 in
1060 3202 1185 3262 caeteros

167 3279 281 3353 amplius
309 3278 416 3353 possint
444 3278 647 3334 transfundere:
677 3270 725 3333 deb
748 3270 790 3344 ὡς
809 3272 895 3356 παρὰ
916 3275 1052 3335 Λαϊκῶν
1070 3277 1187 3351 βαστα-

167 3358 309 3440 {optram
335 3356 407 3430 τοὺς
434 3356 505 3440 παρ’
530 3354 632 3419 αὐτῶν
647 3354 818 3429 ,ἐκέλευσαν
845 3357 1026 3441 ἐρχομένους
1054 3359 1106 3420 ini
1130 3354 1186 3440 τὴν

165 3443 326 3524 ἐκκλησίαν
346 3449 390 3528 τῷ
411 3439 551 3528 ἀληθινῷ
571 3443 762 3521 βαπτίσματι
784 3448 828 3526 τῷ
849 3450 905 3524 τῆς
925 3443 1086 3524 ἐκκλησίας
1108 3439 1185 3506 ἅνα-

117 3543 160 3596 att
169 3531 389 3609 καθαίρεσθαι.
418 3533 574 3605 Propterea
594 3533 634 3588 sie
654 3533 719 3588 illos
741 3539 877 3605 tanquam
899 3550 918 3588 a
939 3532 1036 3590 Laicis
1054 3536 1186 3608 baptiza-

168 3624 219 3683 tos,
241 3619 332 3674 denuo
346 3618 496 3682 iussemnt,
519 3633 582 3672 cum
595 3619 634 3672 ad
647 3615 804 3674 Ecclesiam
818 3618 941 3675 redirent
954 3635 1022 3674 cero
1036 3618 1185 3677 mucuns
