2534 4154
451 312 741 363 tutatortnstorttts
1047 299 1106 364 155

91 469 140 527 llbi
170 469 205 526 de
232 467 368 524 Ecclesiae
399 467 497 524 ritibus
524 485 606 543 agens
633 469 755 526 meminit
782 469 854 524 inter
880 476 987 525 caetera
1014 469 1106 528 ieiunii

90 564 205 630 quartae
227 569 260 610 ac
279 562 371 608 sertae
392 553 484 618 leriae,
507 555 583 610 cuius
606 553 722 610 instituti
743 571 865 610 caussam
881 555 980 627 aperit:
1003 548 1105 631 ἐπειδή

90 658 146 718 ιιιρ
170 629 385 716 ἐπιφωσκούσῃ
405 631 527 715 τετράδι
549 633 729 716 συνελήφθη
750 630 766 694 ὃ
789 631 891 716 κύριος
905 633 956 694 καὶ
971 641 1014 718 τῷ
1028 658 1107 716 αρσ-

88 717 245 803 σαββάτῳ
272 716 467 799 ἐσταυρώθη.
512 724 653 793 Quoniam
677 725 791 779 ineunte
812 733 915 796 quarto
935 725 1011 796 serio
1032 743 1106 782 com·

88 810 247 883 prehensus
268 815 309 862 est
321 807 456 864 Dominus
478 817 504 865 et
524 810 600 881 serta
620 809 644 867 V
663 810 827 882 crumpens,
852 809 910 878 Quo
931 811 1022 882 posito
1038 828 1108 868 con-

90 911 211 969 sequeus
234 901 285 958 est,
308 891 445 955 Christum
467 911 499 950 ea
520 901 610 957 nocte,
633 910 702 965 quae
723 893 851 951 leriamd
874 895 998 968 sequitur
1018 905 1045 951 et
1060 897 1108 954 lu-

88 979 167 1036 daice
188 978 271 1036 leriae
294 981 312 1035 4
334 976 477 1043 tribuitur,
500 988 609 1051 captum
631 995 705 1043 esse,
733 995 794 1034 cum
815 978 896 1051 paulo
919 988 982 1035 ante
1003 981 1108 1038 Pascha

88 1063 267 1122 celebrasset.
296 1063 425 1119 'Audierat
438 1063 528 1136 itaque
543 1072 571 1120 et
586 1081 601 1119 a
615 1062 760 1119 melotibus
775 1072 916 1136 acceperat
931 1064 1105 1138 Epiphanius,

87 1149 158 1207 duas
180 1148 239 1204 illas
254 1147 333 1203 lerias
348 1148 502 1204 bominicae
513 1149 634 1204 Passioni
648 1148 807 1204 recolendae
822 1149 997 1221 praestitutas
1011 1150 1104 1219 fuisse,

86 1252 120 1292 ac
141 1232 245 1291 ieiunio
267 1241 448 1291 consecratas.
480 1233 545 1288 Cum
567 1242 658 1289 autem
681 1242 755 1289 certo
777 1240 923 1298 constaret,
948 1233 1014 1289 seria
1038 1238 1055 1293 6
1078 1238 1106 1294 in

85 1335 173 1377 cruce
202 1316 328 1373 suffixum
355 1335 431 1382 esse,
461 1319 534 1373 nulla
556 1317 687 1392 passionis
711 1318 768 1374 eius
790 1325 893 1373 restare
915 1318 969 1373 visa
992 1321 1106 1378 estella
1143 1381 1145 1386 ,

85 1420 163 1480 pars,
187 1419 268 1478 mam
291 1403 497 1476 comprehensio
516 1411 543 1459 et
557 1403 683 1476 alligatio.
713 1402 829 1458 Proinde
844 1401 910 1458 feria
925 1407 943 1459 4
960 1412 1105 1475 appetente

84 1497 201 1563 captum
223 1497 304 1561 atque
325 1487 444 1544 vinctum
466 1505 527 1543 esse
545 1488 684 1543 bominum
706 1488 827 1544 credidit.
858 1487 951 1560 Neque
973 1504 1037 1544 vero
1053 1489 1105 1547 alio

84 1583 230 1646 tempore,
260 1588 340 1644 quam
369 1589 424 1644 quo
446 1573 536 1629 ludaei
557 1573 694 1646 plerique,
723 1571 861 1628 celebrare
884 1572 975 1628 voluit.
1020 1573 1106 1646 Igitur

84 1660 172 1716 mmm
195 1656 285 1712 ludaei
305 1657 370 1714 feria
393 1657 472 1713 tertia
493 1667 667 1730 peregerunt.
706 1657 815 1722 Vitiose,
840 1657 900 1730 quis
922 1655 1022 1730 negat‘l
1052 1658 1106 1716 Sed
1164 1708 1168 1716 .

82 1742 165 1818 quod
193 1742 306 1796 maxima
334 1759 397 1815 pars
425 1758 457 1797 eo
480 1743 522 1798 die
544 1743 646 1808 Pascha
667 1743 836 1807 comederet,
865 1741 947 1798 biduo
970 1743 1105 1800 cumillis

81 1826 254 1900 anticipavit.
284 1825 348 1882 Erat
370 1827 441 1882 euim
462 1827 528 1883 teria
549 1826 570 1881 V
592 1827 677 1883 llartii
693 1828 748 1882 xlx
770 1827 970 1892 celebrandum,
994 1844 1055 1884 curn
1074 1829 1105 1885 ‚in

82 1914 165 1970 huuc
194 1911 264 1966 diem
285 1911 342 1967 xlv
369 1911 475 1967 ludaica
504 1912 596 1968 vitiosa
620 1921 804 1968 concurreret.
851 1911 904 1968 Cur
926 1921 1015 1969 autem
1038 1913 1106 1972 adeo

84 2013 274 2072 praepropere
289 1995 380 2052 ludaei
402 1996 447 2052 isti
463 1997 565 2052 Pascha
587 1997 769 2061 comederent,
793 2014 916 2054 caussam
937 1998 1028 2054 attulit
1042 1998 1107 2055 uul-

79 2082 152 2139 lam.
184 2080 237 2136 Sed
259 2081 312 2136 hoc
333 2089 424 2136 tamen
445 2081 596 2154 significare
617 2083 730 2147 videtur,
753 2083 866 2138 ludaeos
888 2083 1043 2148 nonnullos,
1066 2085 1107 2140 vi·
1134 2098 1137 2105 ·

70 2167 190 2223 ⁴«delicet
212 2166 371 2221 Pharisaeos
394 2182 425 2221 ac
440 2166 557 2232 Scribas,
581 2184 750 2223 communem
772 2169 846 2223 laune
868 2184 988 2223 errorem
1011 2185 1107 2224 emen-

84 2251 155 2308 dare
177 2250 317 2322 cupientes
339 2249 443 2306 Pascha
464 2268 544 2307 suum
566 2252 592 2307 iu
617 2255 654 2309 20
678 2251 764 2307 Martii
787 2251 857 2307 diem
880 2251 1026 2315 distulisse,
1050 2269 1105 2324 quo

86 2334 188 2411 passus
211 2344 253 2390 est
268 2334 400 2399 Christus,
424 2353 479 2408 quo
501 2336 627 2391 nimirum
649 2335 760 2408 propius
783 2337 815 2391 ad
829 2336 1037 2407 Aequinoctium
1059 2353 1107 2392 ac-

84 2420 234 2483 cederent,
258 2419 300 2475 vel
322 2420 402 2475 etiam
423 2419 543 2476 coeleste
565 2420 753 2475 Pleniluuium.
783 2419 849 2474 Nam
872 2420 924 2475 hoc
945 2419 1026 2475 verba
1048 2420 1107 2493 ipsa

87 2506 173 2562 tacite
205 2505 409 2560 demonstrant:
440 2498 497 2558 1καὶ
530 2499 672 2579 loquenda
702 2497 762 2578 nod
794 2497 899 2559 ἕνδεκα
931 2500 1108 2562 Καλανδῶν

77 2583 282 2663 Ἀπριλλίων,
317 2582 354 2643 dr'
384 2579 423 2661 ἢν
456 2583 662 2662 πλανηθέντες
687 2581 861 2666 ὑπέρβασαν
886 2582 961 2662 μίαν
989 2582 1108 2667 ἡμέραν

65 2668 244 2748 -inobpoun
288 2673 359 2747 Ergo
383 2666 435 2729 dud
456 2665 512 2748 τὴν
532 2669 707 2751 ἰσημερίαν,
730 2683 759 2730 et
779 2674 893 2730 sortasse
916 2685 1029 2749 propter
1051 2677 1108 2732 Lu·
1141 2744 1144 2760 Ι

87 2759 264 2822 nemetiam,
287 2775 322 2814 ne
346 2767 487 2832 tantopere
509 2758 542 2815 ab
565 2767 681 2831 utroque
703 2759 875 2823 recederent,
898 2759 969 2816 diem
991 2760 1108 2819 dilludc-

87 2853 159 2900 rant
204 2844 315 2899 Poterat
343 2844 414 2899 euim
442 2843 485 2900 vel
507 2843 564 2916 ipse
586 2843 681 2899 sideris
704 2852 828 2917 aspectus
851 2844 906 2900 vitii
928 2845 988 2901 illos
1012 2845 1108 2903 adrn'o-

87 2945 165 2994 oeae,
188 2929 263 3002 quod
276 2928 379 2983 saltem
401 2929 576 2985 minuendum
600 2945 660 2984 esse
682 2930 868 2985 decreverunt.

176 3012 243 3069 Corn
272 3014 340 3068 haec
361 3013 526 3086 Epiphanius
548 3014 690 3080 manifeste
712 3015 824 3078 sentiat,
855 3022 960 3071 caetera
982 3031 1051 3088 quae
1073 3012 1106 3069 ab

87 3115 124 3155 eo
139 3097 269 3154 dicuntur
283 3099 379 3154 eodem
395 3099 532 3172 dirigenda
548 3108 620 3163 sunt,
641 3108 723 3173 atque
737 3100 789 3155 hoc
805 3099 885 3154 modo
900 3097 1106 3154 constituenda:

89 3183 215 3240 Christus
243 3183 331 3256 legale
358 3183 461 3239 Pascha
490 3183 634 3240 celebravit
665 3201 726 3240 cum
754 3184 891 3257 plerisque
919 3182 1023 3237 ludaeis
1052 3182 1107 3238 XVl

87 3267 147 3324 llal.
171 3270 235 3341 hpr.
258 3268 323 3324 seria
346 3266 389 3333 lll,
412 3270 487 3324 Luna
509 3269 614 3326 ludrica
636 3269 730 3325 vitiosa
756 3270 801 3332 12,
825 3284 887 3323 cum
909 3266 974 3322 feria
991 3266 1011 3321 V
1031 3268 1108 3323 Luna

89 3353 146 3408 xlv
167 3353 262 3409 vitiosa
284 3353 377 3426 perlici
401 3351 540 3410 debuerit!
563 3355 647 3409 Biduo
670 3353 752 3426 igitur
773 3351 925 3408 antevertit,
954 3352 990 3406 At
1011 3352 1108 3407 Phari-

89 3439 155 3505 saei,
179 3438 325 3511 ludaeique
348 3438 391 3493 alii
413 3438 486 3494 Luna
510 3438 614 3495 Iudaica
624 3438 667 3493 XV
689 3436 774 3492 llartii
790 3436 843 3501 llll,
867 3453 921 3508 quo
944 3436 986 3491 die
1009 3453 1107 3510 passus

77 3521 132 3579 est
154 3523 294 3589 Christus,
324 3515 397 3579 καθ’
421 3515 591 3597 ὑπέρβασιν
611 3522 663 3579 diei
685 3521 766 3577 unius
788 3537 802 3576 a
825 3521 899 3576 Luna
921 3520 976 3576 XIV
998 3522 1031 3577 ad
1053 3522 1105 3578 XV.

90 3605 127 3664 lla
147 3608 181 3664 iis
203 3608 286 3665 lalsos
308 3625 356 3665 eos
379 3625 440 3664 esse
464 3616 584 3673 constat,
614 3607 660 3681 qui
682 3605 831 3680 Epiphanio
855 3605 1018 3663 Graecorum
1041 3625 1107 3665 seu-
