2534 4154
157 303 215 365 ttt
310 355 314 367 .
525 352 565 363 ...
608 317 722 366 raram

152 473 303 530 sententia:
326 482 431 528 veteres
453 473 547 528 Patres
569 481 631 527 ante
655 471 806 538 Christum,
837 473 883 545 qui
906 473 976 528 salva
998 473 1051 529 lide
1073 489 1174 546 penea-

152 567 260 633 r'erant,
283 566 428 631 propterea
450 557 522 631 apud
543 557 644 612 interos
667 557 792 613 detentos
816 574 892 622 esse,
916 557 1003 615 donee
1024 574 1039 613 a
1063 557 1175 615 Christo

152 643 344 700 liberarentur.

111 735 142 786 84
239 722 285 783 διὸ
309 722 359 782 καὶ
381 718 546 799 θαυμάσαι
569 721 632 783 ἐστὶ
647 718 701 782 τὸν
715 717 830 799 εἰδότα]
856 727 955 783 Tritam
971 727 1004 783 de
1021 726 1175 800 Golgothaa

153 812 208 869 siue
237 812 369 867 Calvariae
399 812 579 884 appellatione
611 812 773 867 sententiam
802 813 940 885 sequitur,
970 820 1001 867 ut
1023 811 1056 868 ab
1079 814 1176 869 adami

151 898 260 971 sepulto
283 897 410 952 cadavere
433 914 464 952 ae
486 897 577 952 cranio
601 895 715 953 deducta
737 897 783 953 sit.
823 900 857 953 ht
880 897 994 970 Cyrillus
1013 896 1176 957 Cateoh.13

152 982 315 1055 Proplretice
338 982 376 1037 sic
390 999 405 1037 a
422 982 529 1037 Christo
545 983 712 1037 nominatum
728 983 862 1037 existimat
877 983 950 1038 hune
965 983 1064 1047 locum,
1089 983 1175 1055 quod,-

152 1078 183 1123 αι
205 1068 242 1123 ait
262 1067 419 1140 Apostolus,
444 1074 525 1140 eaput
547 1067 593 1122 viri
617 1067 652 1122 sit
675 1065 808 1131 Christus,
834 1067 933 1123 Christi
954 1077 1045 1123 autem
1069 1067 1152 1125 boue.

345 1286 388 1343 Ab
411 1286 579 1342 HAERESIN
601 1287 688 1343 XLVII
711 1285 980 1344 obumbrabunt.

239 1408 298 1463 abo
316 1405 342 1461 b.
374 1401 405 1462 έν
425 1408 464 1483 τῇ
478 1400 600 1485 Φρυγία
621 1406 659 1483 τῇ
682 1400 864 1483 κεκαυμένῃ]
889 1407 926 1462 Ea
950 1416 991 1463 est
1006 1406 1080 1479 apud
1095 1406 1176 1464 Stra·

150 1489 250 1547 bouem
274 1492 341 1548 l.l3
366 1491 500 1563 Lydorum
530 1491 722 1564 llysoromque
754 1492 829 1564 regio
857 1492 891 1548 ad
912 1492 1094 1547 Maeandrum.
1141 1496 1176 1549 at

151 1575 307 1649 Stephanus
335 1570 602 1648 κατακεκαυμένην
626 1565 733 1651 χώραν
761 1578 798 1631 ait
820 1593 881 1632 esse
902 1580 958 1651 τῆς
978 1569 1121 1652 Ἐφεσίας
1143 1595 1176 1634 ex

151 1661 293 1718 Strabonis
315 1661 333 1716 l.
352 1664 398 1719 13.
445 1661 548 1716 Caeteri
577 1661 720 1734 Phrygiam
749 1679 810 1718 esse
839 1672 962 1718 censent.
1008 1662 1117 1718 invenio
1148 1672 1176 1720 et

151 1746 309 1802 laodiceam
333 1755 514 1818 cognomento
537 1740 803 1820 κατακεκαυμένην
825 1747 851 1803 in
874 1747 1015 1820 Lycaonia,
1039 1747 1095 1802 sive
1119 1748 1174 1803 Ga-

151 1831 223 1894 latia,
247 1830 318 1885 haud
340 1831 437 1902 procul
460 1830 494 1886 ab
516 1831 626 1886 isauria.

160 1949 164 1954 -
237 1917 295 1970 401
315 1913 341 1970 b.
373 1906 411 1970 δι’
428 1906 584 1988 ἕψέματος
598 1915 711 1992 πυροῦ]
736 1915 831 1971 Mirum
848 1924 890 1971 est
911 1917 976 1989 quid
992 1916 1043 1972 sibi
1057 1917 1175 1974 voluerit

151 1998 333 2070 Epiphanius,
362 2009 409 2054 aut
437 2000 502 2073 quid
524 2001 550 2054 in
572 1995 662 2055 'animo
686 2000 825 2064 habuerit,
856 2018 917 2056 cum
940 2003 1007 2057 haee
1030 2002 1173 2069 scriberet,

59 2125 61 2130 .
151 2073 308 2156 ἕψέματυς
335 2085 434 2160 πυροῦ
461 2085 532 2139 idem
566 2102 626 2140 esse
655 2103 685 2140 ae
706 2086 841 2156 feruentia
864 2096 910 2142 aut
932 2095 1059 2141 reeootoe
1079 2089 1175 2143 sorbi-

152 2169 246 2225 tionis.
276 2169 341 2223 Nam
363 2170 438 2243 quod
460 2171 559 2246 πυροῦ
581 2170 791 2226 frumentaceam
813 2171 900 2243 primo
924 2172 984 2227 loeo
1008 2173 1175 2244 interpreta-

152 2262 212 2317 tura.
232 2264 274 2309 est
296 2255 339 2310 illa
362 2255 470 2327 quidem
493 2254 668 2320 tolerabilior,
692 2255 739 2311 sed
762 2264 855 2311 eontra
878 2256 1064 2312 Hebraeorum
1088 2257 1175 2313 Grae-

151 2355 303 2414 corumque
325 2340 449 2396 oodieum
472 2339 552 2395 fidem
576 2349 702 2414 usurpata
718 2341 808 2396 lectio.
840 2341 944 2396 Etenim
960 2342 1025 2396 LXX
1040 2359 1102 2397 cum
1118 2342 1175 2398 lle·

150 2423 233 2480 braoo
257 2425 460 2483 eonsentientes
482 2417 617 2503 πυρῥοῦ,
648 2427 700 2482 lieo
723 2435 765 2481 est
786 2427 877 2497 ruffo,
901 2427 1085 2499 seripserunt,
1117 2443 1173 2482 nou

150 2511 260 2586 πυροῦ.
291 2511 428 2578 Quaenam
451 2528 513 2567 vero
538 2511 714 2568 Grammatica
737 2512 805 2566 ratio
828 2512 928 2587 πυροῦ
943 2528 992 2584 pro
1008 2506 1174 2587 πυρωθέν·

150 2610 203 2658 τος
225 2594 275 2649 dioi
298 2595 424 2667 patiatur,
448 2597 525 2668 quasi
546 2597 680 2669 genitivus
696 2597 731 2652 sit
746 2614 759 2650 a
776 2598 885 2653 nomine
900 2587 1023 2671 πυρόεις
1036 2598 1174 2674 πυροῦςΐ

151 2679 225 2748 quod
247 2679 356 2734 minime
378 2681 511 2753 procedit.

247 2895 290 2952 Ab
313 2896 480 2954 HAERESIN
502 2899 601 2954 XLVlll
624 2899 795 2966 PHRYGUM,
820 2900 892 2956 SIVE
916 2901 1077 2958 MONTANI.

238 3018 299 3074 402
315 3015 342 3072 b.
373 3009 452 3072 κατὰ
474 3018 671 3093 φρυγαστῶν]
696 3018 817 3092 Phryges
840 3019 895 3074 sive
917 3020 1093 3092 Phrygastae·
1106 3037 1175 3094 pro·

151 3102 210 3176 prie
239 3101 317 3167 dieti,
346 3102 419 3176 quod
448 3103 600 3175 ePhrygia
631 3104 746 3176 primum
771 3103 930 3176 prodierint.
976 3105 1058 3160 iidem
1082 3114 1172 3162 tamen

151 3204 347 3261 nonnunquam
363 3188 545 3261 Gataphryges
561 3197 588 3242 et
601 3187 794 3262 Cataphrygae‚
811 3189 887 3262 quasi
899 3189 1072 3262 Evangelium
1089 3200 1172 3254 esset,

152 3272 194 3328 vel
216 3274 314 3346 dogma
335 3263 416 3329 κατὰ
439 3267 574 3346 Φρύγας.

237 3360 298 3414 toa
315 3375 339 3415 o.
370 3341 454 3413 οὗτοι
479 3349 538 3434 γὰρ
567 3350 706 3433 γεγόνασι
733 3353 801 3436 περὶ
829 3351 865 3414 τὸ
894 3352 1172 3432 ἐννεακαιδέκατον]

152 3440 340 3498 Consentanea
366 3452 432 3499 sunt
459 3460 528 3516 quae
557 3443 591 3498 de
619 3443 700 3498 huius
730 3443 854 3500 llaeresis
882 3445 955 3500 exitu
983 3460 1015 3500 ae
1048 3452 1173 3516 tempore

152 3525 268 3591 disserit,
292 3545 355 3584 cum
376 3528 417 3593 iis,
441 3546 511 3602 quae
532 3546 614 3602 supra
637 3527 737 3592 docuit,
761 3529 888 3584 nimirum
909 3529 1042 3585 lustinum
1063 3529 1173 3585 Adriani

146 3618 275 3683 ,tempore
304 3623 442 3670 mortuum
471 3631 548 3679 esse,
578 3614 727 3670 seeundum
752 3632 833 3689 quem
855 3613 936 3688 paulo
959 3623 1022 3687 post
1044 3614 1172 3670 Titianus
