<?xml version="1.0" encoding="UTF-8"?>
<!DOCTYPE html PUBLIC "-//W3C//DTD XHTML 1.0 Transitional//EN"
    "http://www.w3.org/TR/xhtml1/DTD/xhtml1-transitional.dtd">
<html xmlns="http://www.w3.org/1999/xhtml" xml:lang="en" lang="en">
 <head>
  <title>
</title>
<meta http-equiv="Content-Type" content="text/html;charset=utf-8" />
  <meta name='ocr-system' content='tesseract 3.04.00' />
  <meta name='ocr-capabilities' content='ocr_page ocr_carea ocr_par ocr_line ocrx_word'/>
</head>
<body>
  <div class='ocr_page' id='page_1' title='image "./epiphaniiepisco00epipgoog_0178.png"; bbox 0 0 2534 4154; ppageno 0'>
   <div class='ocr_carea' id='block_1_1' title="bbox 454 312 1113 376">
    <p class='ocr_par' dir='ltr' id='par_1_1' title="bbox 454 312 1113 376">
     <span class='ocr_line' id='line_1_1' title="bbox 454 312 1113 376; baseline 0.002 -3"><span class='ocrx_word' id='word_1_1' title='bbox 454 325 745 376; x_wconf 80' lang='lat' dir='ltr'>lniiitnrnnstonus.</span> <span class='ocrx_word' id='word_1_2' title='bbox 1073 312 1113 375; x_wconf 79' lang='lat' dir='ltr'>ot</span> 
     </span>
    </p>
   </div>
   <div class='ocr_carea' id='block_1_2' title="bbox 26 479 1214 2253">
    <p class='ocr_par' dir='ltr' id='par_1_2' title="bbox 55 479 1114 621">
     <span class='ocr_line' id='line_1_2' title="bbox 55 479 1114 555; baseline 0.003 -19"><span class='ocrx_word' id='word_1_3' title='bbox 55 480 216 543; x_wconf 55' lang='lat' dir='ltr'>iimmot,</span> <span class='ocrx_word' id='word_1_4' title='bbox 252 479 352 535; x_wconf 88' lang='lat' dir='ltr'>lrustra</span> <span class='ocrx_word' id='word_1_5' title='bbox 384 488 511 553; x_wconf 78' lang='lat' dir='ltr'>tanquam</span> <span class='ocrx_word' id='word_1_6' title='bbox 544 481 650 554; x_wconf 87' lang='lat' dir='ltr'>siguum</span> <span class='ocrx_word' id='word_1_7' title='bbox 683 482 748 537; x_wconf 92' lang='lat' dir='ltr'>illud</span> <span class='ocrx_word' id='word_1_8' title='bbox 781 482 868 554; x_wconf 90' lang='lat' dir='ltr'>ipsum</span> <span class='ocrx_word' id='word_1_9' title='bbox 903 481 969 555; x_wconf 84' lang='lat' dir='ltr'>Regi</span> <span class='ocrx_word' id='word_1_10' title='bbox 1006 483 1114 539; x_wconf 89' lang='lat' dir='ltr'>denun-</span> 
     </span>
     <span class='ocr_line' id='line_1_3' title="bbox 58 566 202 621; baseline -0.007 -1"><span class='ocrx_word' id='word_1_11' title='bbox 58 566 202 621; x_wconf 60' lang='lat' dir='ltr'>⁶(lasset.</span> 
     </span>
    </p>

    <p class='ocr_par' dir='ltr' id='par_1_3' title="bbox 63 639 1116 1147">
     <span class='ocr_line' id='line_1_4' title="bbox 183 639 1114 724; baseline 0.001 -18"><span class='ocrx_word' id='word_1_12' title='bbox 183 652 240 706; x_wconf 87' lang='grc'>144</span> <span class='ocrx_word' id='word_1_13' title='bbox 258 665 281 704; x_wconf 87' lang='lat' dir='ltr'>a.</span> <span class='ocrx_word' id='word_1_14' title='bbox 313 639 356 715; x_wconf 81' lang='grc' dir='ltr'>ὡς</span> <span class='ocrx_word' id='word_1_15' title='bbox 370 643 419 703; x_wconf 74' lang='grc' dir='ltr'>καὶ</span> <span class='ocrx_word' id='word_1_16' title='bbox 436 641 528 717; x_wconf 79' lang='grc' dir='ltr'><em>αὐτὸς</em></span> <span class='ocrx_word' id='word_1_17' title='bbox 540 641 685 724; x_wconf 74' lang='grc' dir='ltr'><em>Ἠσαίας]</em></span> <span class='ocrx_word' id='word_1_18' title='bbox 709 651 786 706; x_wconf 90' lang='lat' dir='ltr'>Hunc</span> <span class='ocrx_word' id='word_1_19' title='bbox 802 651 894 706; x_wconf 83' lang='lat' dir='ltr'>Esaiae</span> <span class='ocrx_word' id='word_1_20' title='bbox 910 651 1009 715; x_wconf 88' lang='lat' dir='ltr'>locum,</span> <span class='ocrx_word' id='word_1_21' title='bbox 1033 669 1114 724; x_wconf 87' lang='lat' dir='ltr'>quern</span> 
     </span>
     <span class='ocr_line' id='line_1_5' title="bbox 63 733 1115 809; baseline 0.003 -19"><span class='ocrx_word' id='word_1_22' title='bbox 63 735 125 790; x_wconf 57' lang='lat' dir='ltr'>&lt;le</span> <span class='ocrx_word' id='word_1_23' title='bbox 157 733 256 789; x_wconf 78' lang='lat' dir='ltr'>Christi</span> <span class='ocrx_word' id='word_1_24' title='bbox 280 733 386 788; x_wconf 81' lang='lat' dir='ltr'>Domini</span> <span class='ocrx_word' id='word_1_25' title='bbox 414 736 590 806; x_wconf 78' lang='lat' dir='ltr'>generatione</span> <span class='ocrx_word' id='word_1_26' title='bbox 619 752 650 790; x_wconf 92' lang='lat' dir='ltr'>ac</span> <span class='ocrx_word' id='word_1_27' title='bbox 680 746 868 792; x_wconf 80' lang='lat' dir='ltr'>sacrosanctae</span> <span class='ocrx_word' id='word_1_28' title='bbox 891 736 1006 809; x_wconf 80' lang='lat' dir='ltr'>Virginis</span> <span class='ocrx_word' id='word_1_29' title='bbox 1035 747 1115 809; x_wconf 88' lang='lat' dir='ltr'>partu</span> 
     </span>
     <span class='ocr_line' id='line_1_6' title="bbox 68 818 1116 894; baseline 0.001 -18"><span class='ocrx_word' id='word_1_30' title='bbox 68 818 220 892; x_wconf 58' lang='lat' dir='ltr'>*intelligit</span> <span class='ocrx_word' id='word_1_31' title='bbox 242 818 416 891; x_wconf 81' lang='lat' dir='ltr'>Epiphanius,</span> <span class='ocrx_word' id='word_1_32' title='bbox 441 820 534 876; x_wconf 87' lang='lat' dir='ltr'>Patres</span> <span class='ocrx_word' id='word_1_33' title='bbox 558 837 651 875; x_wconf 85' lang='lat' dir='ltr'>omnes</span> <span class='ocrx_word' id='word_1_34' title='bbox 675 821 707 876; x_wconf 92' lang='lat' dir='ltr'>ad</span> <span class='ocrx_word' id='word_1_35' title='bbox 730 821 876 893; x_wconf 87' lang='lat' dir='ltr'>spiritalem</span> <span class='ocrx_word' id='word_1_36' title='bbox 892 821 1028 877; x_wconf 82' lang='lat' dir='ltr'>Ecclesiae</span> <span class='ocrx_word' id='word_1_37' title='bbox 1050 839 1116 894; x_wconf 86' lang='lat' dir='ltr'>par-</span> 
     </span>
     <span class='ocr_line' id='line_1_7' title="bbox 77 903 1114 978; baseline 0.002 -18"><span class='ocrx_word' id='word_1_38' title='bbox 77 915 151 960; x_wconf 60' lang='lat' dir='ltr'>ium</span> <span class='ocrx_word' id='word_1_39' title='bbox 170 903 316 967; x_wconf 79' lang='lat' dir='ltr'>referunt,</span> <span class='ocrx_word' id='word_1_40' title='bbox 346 921 415 975; x_wconf 89' lang='lat' dir='ltr'>quae</span> <span class='ocrx_word' id='word_1_41' title='bbox 443 905 501 958; x_wconf 90' lang='lat' dir='ltr'>sine</span> <span class='ocrx_word' id='word_1_42' title='bbox 530 905 585 959; x_wconf 92' lang='lat' dir='ltr'>ullo</span> <span class='ocrx_word' id='word_1_43' title='bbox 608 904 718 969; x_wconf 92' lang='lat' dir='ltr'>dolore,</span> <span class='ocrx_word' id='word_1_44' title='bbox 742 923 811 978; x_wconf 90' lang='lat' dir='ltr'>pene</span> <span class='ocrx_word' id='word_1_45' title='bbox 833 914 971 961; x_wconf 86' lang='lat' dir='ltr'>momento</span> <span class='ocrx_word' id='word_1_46' title='bbox 994 906 1114 962; x_wconf 84' lang='lat' dir='ltr'>infinitos</span> 
     </span>
     <span class='ocr_line' id='line_1_8' title="bbox 72 987 1115 1062; baseline 0.003 -18"><span class='ocrx_word' id='word_1_47' title='bbox 72 989 204 1044; x_wconf 66' lang='lat' dir='ltr'>Christo</span> <span class='ocrx_word' id='word_1_48' title='bbox 227 987 296 1043; x_wconf 90' lang='lat' dir='ltr'>lilios</span> <span class='ocrx_word' id='word_1_49' title='bbox 319 991 434 1060; x_wconf 81' lang='lat' dir='ltr'>peperit,</span> <span class='ocrx_word' id='word_1_50' title='bbox 458 991 583 1061; x_wconf 86' lang='lat' dir='ltr'>paritque</span> <span class='ocrx_word' id='word_1_51' title='bbox 606 990 735 1062; x_wconf 84' lang='lat' dir='ltr'>quotidie.</span> <span class='ocrx_word' id='word_1_52' title='bbox 773 990 810 1045; x_wconf 91' lang='lat' dir='ltr'>lta</span> <span class='ocrx_word' id='word_1_53' title='bbox 834 991 864 1045; x_wconf 87' lang='lat' dir='ltr'>u.</span> <span class='ocrx_word' id='word_1_54' title='bbox 888 991 998 1046; x_wconf 90' lang='lat' dir='ltr'>Hieron.</span> <span class='ocrx_word' id='word_1_55' title='bbox 1023 991 1115 1048; x_wconf 87' lang='lat' dir='ltr'>Theo·</span> 
     </span>
     <span class='ocr_line' id='line_1_9' title="bbox 74 1072 975 1147; baseline 0.001 -18"><span class='ocrx_word' id='word_1_56' title='bbox 74 1075 216 1135; x_wconf 66' lang='lat' dir='ltr'>Coretus,</span> <span class='ocrx_word' id='word_1_57' title='bbox 242 1072 364 1144; x_wconf 87' lang='lat' dir='ltr'>Cyrillus,</span> <span class='ocrx_word' id='word_1_58' title='bbox 388 1073 487 1128; x_wconf 86' lang='lat' dir='ltr'>Euseb.</span> <span class='ocrx_word' id='word_1_59' title='bbox 511 1073 579 1129; x_wconf 91' lang='lat' dir='ltr'>Hist.</span> <span class='ocrx_word' id='word_1_60' title='bbox 598 1079 621 1138; x_wconf 93' lang='lat' dir='ltr'>l,</span> <span class='ocrx_word' id='word_1_61' title='bbox 640 1078 667 1138; x_wconf 88' lang='grc'>4,</span> <span class='ocrx_word' id='word_1_62' title='bbox 692 1074 789 1147; x_wconf 90' lang='lat' dir='ltr'>aliique</span> <span class='ocrx_word' id='word_1_63' title='bbox 812 1075 975 1146; x_wconf 86' lang='lat' dir='ltr'>complures.</span> 
     </span>
    </p>

    <p class='ocr_par' dir='ltr' id='par_1_4' title="bbox 77 1150 1117 1402">
     <span class='ocr_line' id='line_1_10' title="bbox 185 1150 1114 1234; baseline 0.001 -20"><span class='ocrx_word' id='word_1_64' title='bbox 185 1160 241 1214; x_wconf 88' lang='grc'>144</span> <span class='ocrx_word' id='word_1_65' title='bbox 259 1156 284 1211; x_wconf 89' lang='lat' dir='ltr'>b.</span> <span class='ocrx_word' id='word_1_66' title='bbox 317 1150 357 1223; x_wconf 79' lang='grc' dir='ltr'>ὡς</span> <span class='ocrx_word' id='word_1_67' title='bbox 379 1154 429 1212; x_wconf 80' lang='grc' dir='ltr'>καὶ</span> <span class='ocrx_word' id='word_1_68' title='bbox 448 1151 596 1231; x_wconf 72' lang='grc' dir='ltr'><em>Ἱερεμίας</em></span> <span class='ocrx_word' id='word_1_69' title='bbox 617 1155 684 1234; x_wconf 76' lang='lat' dir='ltr'>napi</span> <span class='ocrx_word' id='word_1_70' title='bbox 709 1151 817 1232; x_wconf 76' lang='grc' dir='ltr'><em>αὐτοῦ]</em></span> <span class='ocrx_word' id='word_1_71' title='bbox 855 1160 948 1232; x_wconf 91' lang='lat' dir='ltr'>Neque</span> <span class='ocrx_word' id='word_1_72' title='bbox 972 1162 1014 1216; x_wconf 91' lang='lat' dir='ltr'>hic</span> <span class='ocrx_word' id='word_1_73' title='bbox 1037 1162 1114 1217; x_wconf 91' lang='lat' dir='ltr'>locus</span> 
     </span>
     <span class='ocr_line' id='line_1_11' title="bbox 77 1230 1115 1319; baseline 0.003 -20"><span class='ocrx_word' id='word_1_74' title='bbox 77 1243 126 1299; x_wconf 76' lang='lat' dir='ltr'>ad</span> <span class='ocrx_word' id='word_1_75' title='bbox 156 1242 293 1298; x_wconf 87' lang='lat' dir='ltr'>Christum</span> <span class='ocrx_word' id='word_1_76' title='bbox 322 1243 432 1315; x_wconf 91' lang='lat' dir='ltr'>proprie</span> <span class='ocrx_word' id='word_1_77' title='bbox 460 1244 592 1316; x_wconf 85' lang='lat' dir='ltr'>pertinet,</span> <span class='ocrx_word' id='word_1_78' title='bbox 622 1245 729 1299; x_wconf 89' lang='lat' dir='ltr'>tametsi</span> <span class='ocrx_word' id='word_1_79' title='bbox 757 1245 878 1319; x_wconf 81' lang='lat' dir='ltr'>plerique</span> <span class='ocrx_word' id='word_1_80' title='bbox 908 1246 959 1300; x_wconf 88' lang='grc' dir='ltr'>ΡΡ.</span> <span class='ocrx_word' id='word_1_81' title='bbox 990 1230 1029 1300; x_wconf 84' lang='lat' dir='ltr'>ad</span> <span class='ocrx_word' id='word_1_82' title='bbox 1053 1264 1115 1302; x_wconf 91' lang='lat' dir='ltr'>eum</span> 
     </span>
     <span class='ocr_line' id='line_1_12' title="bbox 87 1328 1117 1402; baseline 0.004 -20"><span class='ocrx_word' id='word_1_83' title='bbox 87 1344 206 1384; x_wconf 80' lang='lat' dir='ltr'>sensum</span> <span class='ocrx_word' id='word_1_84' title='bbox 229 1328 368 1391; x_wconf 84' lang='lat' dir='ltr'>traxerint,</span> <span class='ocrx_word' id='word_1_85' title='bbox 392 1345 461 1399; x_wconf 92' lang='lat' dir='ltr'>quos</span> <span class='ocrx_word' id='word_1_86' title='bbox 484 1329 660 1400; x_wconf 89' lang='lat' dir='ltr'>reprehendit</span> <span class='ocrx_word' id='word_1_87' title='bbox 683 1329 870 1402; x_wconf 81' lang='lat' dir='ltr'>Hieronymus.</span> <span class='ocrx_word' id='word_1_88' title='bbox 903 1330 984 1384; x_wconf 89' lang='lat' dir='ltr'>Cuius</span> <span class='ocrx_word' id='word_1_89' title='bbox 1007 1331 1117 1402; x_wconf 91' lang='lat' dir='ltr'>quidem</span> 
     </span>
    </p>

    <p class='ocr_par' dir='ltr' id='par_1_5' title="bbox 26 1412 1116 1656">
     <span class='ocr_line' id='line_1_13' title="bbox 92 1412 1116 1487; baseline 0.002 -19"><span class='ocrx_word' id='word_1_90' title='bbox 92 1412 327 1484; x_wconf 87' lang='lat' dir='ltr'>interpretationis</span> <span class='ocrx_word' id='word_1_91' title='bbox 351 1429 473 1467; x_wconf 88' lang='lat' dir='ltr'>caussam</span> <span class='ocrx_word' id='word_1_92' title='bbox 497 1414 588 1469; x_wconf 89' lang='lat' dir='ltr'>attulit</span> <span class='ocrx_word' id='word_1_93' title='bbox 603 1414 691 1469; x_wconf 87' lang='lat' dir='ltr'>Lllllll</span> <span class='ocrx_word' id='word_1_94' title='bbox 714 1414 804 1478; x_wconf 88' lang='lat' dir='ltr'>lectio,</span> <span class='ocrx_word' id='word_1_95' title='bbox 829 1415 874 1487; x_wconf 89' lang='lat' dir='ltr'>qui</span> <span class='ocrx_word' id='word_1_96' title='bbox 898 1414 930 1468; x_wconf 91' lang='lat' dir='ltr'>ab</span> <span class='ocrx_word' id='word_1_97' title='bbox 942 1413 1065 1470; x_wconf 88' lang='lat' dir='ltr'>Hebraeo</span> <span class='ocrx_word' id='word_1_98' title='bbox 1089 1425 1116 1470; x_wconf 89' lang='lat' dir='ltr'>et</span> 
     </span>
     <span class='ocr_line' id='line_1_14' title="bbox 93 1496 1115 1569; baseline 0.004 -19"><span class='ocrx_word' id='word_1_99' title='bbox 93 1498 207 1568; x_wconf 81' lang='lat' dir='ltr'>Vulgata</span> <span class='ocrx_word' id='word_1_100' title='bbox 230 1496 393 1569; x_wconf 85' lang='lat' dir='ltr'>discrepant.</span> <span class='ocrx_word' id='word_1_101' title='bbox 438 1497 503 1552; x_wconf 84' lang='lat' dir='ltr'>Nam</span> <span class='ocrx_word' id='word_1_102' title='bbox 527 1498 657 1554; x_wconf 87' lang='lat' dir='ltr'>Hebraica</span> <span class='ocrx_word' id='word_1_103' title='bbox 680 1517 730 1554; x_wconf 60' lang='lat' dir='ltr'>i&#39;ox</span> <span class='ocrx_word' id='word_1_104' title='bbox 753 1515 829 1557; x_wconf 58' lang='lat' dir='ltr'>uun</span> <span class='ocrx_word' id='word_1_105' title='bbox 853 1498 1036 1563; x_wconf 82' lang='lat' dir='ltr'>inscrutabile,</span> <span class='ocrx_word' id='word_1_106' title='bbox 1061 1500 1115 1554; x_wconf 89' lang='lat' dir='ltr'>sive</span> 
     </span>
     <span class='ocr_line' id='line_1_15' title="bbox 26 1581 1057 1656; baseline -0.003 -16"><span class='ocrx_word' id='word_1_107' title='bbox 26 1614 45 1640; x_wconf 67' lang='grc' dir='ltr'><strong>ο</strong></span> <span class='ocrx_word' id='word_1_108' title='bbox 87 1581 264 1655; x_wconf 88' lang='lat' dir='ltr'>desperabile</span> <span class='ocrx_word' id='word_1_109' title='bbox 287 1582 428 1654; x_wconf 83' lang='lat' dir='ltr'>significat.</span> <span class='ocrx_word' id='word_1_110' title='bbox 465 1585 498 1637; x_wconf 83' lang='lat' dir='ltr'>At</span> <span class='ocrx_word' id='word_1_111' title='bbox 521 1583 558 1639; x_wconf 90' lang='lat' dir='ltr'>illi</span> <span class='ocrx_word' id='word_1_112' title='bbox 580 1584 656 1643; x_wconf 58' lang='lat' dir='ltr'>murt</span> <span class='ocrx_word' id='word_1_113' title='bbox 680 1585 732 1639; x_wconf 92' lang='lat' dir='ltr'>hoc</span> <span class='ocrx_word' id='word_1_114' title='bbox 756 1594 797 1639; x_wconf 87' lang='lat' dir='ltr'>cst</span> <span class='ocrx_word' id='word_1_115' title='bbox 819 1585 899 1638; x_wconf 86' lang='lat' dir='ltr'>homo</span> <span class='ocrx_word' id='word_1_116' title='bbox 922 1583 1057 1656; x_wconf 89' lang='lat' dir='ltr'>legerunt.</span> 
     </span>
    </p>

    <p class='ocr_par' dir='ltr' id='par_1_6' title="bbox 84 1662 1114 1829">
     <span class='ocr_line' id='line_1_16' title="bbox 185 1662 1114 1748; baseline -0.001 -25"><span class='ocrx_word' id='word_1_117' title='bbox 185 1668 242 1723; x_wconf 85' lang='grc'>146</span> <span class='ocrx_word' id='word_1_118' title='bbox 259 1683 283 1720; x_wconf 90' lang='lat' dir='ltr'>a.</span> <span class='ocrx_word' id='word_1_119' title='bbox 315 1662 363 1721; x_wconf 74' lang='grc' dir='ltr'>καὶ</span> <span class='ocrx_word' id='word_1_120' title='bbox 394 1667 437 1745; x_wconf 76' lang='grc' dir='ltr'>τῷ</span> <span class='ocrx_word' id='word_1_121' title='bbox 464 1663 643 1747; x_wconf 65' lang='grc' dir='ltr'>βουλομένῳ</span> <span class='ocrx_word' id='word_1_122' title='bbox 673 1662 729 1735; x_wconf 78' lang='grc' dir='ltr'>τὰς</span> <span class='ocrx_word' id='word_1_123' title='bbox 752 1668 872 1744; x_wconf 77' lang='grc' dir='ltr'><em>χεῖρας]</em></span> <span class='ocrx_word' id='word_1_124' title='bbox 912 1669 976 1741; x_wconf 76' lang='lat' dir='ltr'>leg.</span> <span class='ocrx_word' id='word_1_125' title='bbox 1006 1670 1048 1748; x_wconf 71' lang='grc' dir='ltr'>τῷ</span> <span class='ocrx_word' id='word_1_126' title='bbox 1071 1662 1114 1742; x_wconf 77' lang='grc' dir='ltr'>μὴ</span> 
     </span>
     <span class='ocr_line' id='line_1_17' title="bbox 84 1745 282 1829; baseline -0.005 -23"><span class='ocrx_word' id='word_1_127' title='bbox 84 1745 282 1829; x_wconf 66' lang='grc' dir='ltr'><strong><em>βουλομένῳ.</em></strong></span> 
     </span>
    </p>

    <p class='ocr_par' dir='ltr' id='par_1_7' title="bbox 88 1827 1214 2169">
     <span class='ocr_line' id='line_1_18' title="bbox 186 1827 1115 1910; baseline 0 -17"><span class='ocrx_word' id='word_1_128' title='bbox 186 1838 241 1893; x_wconf 80' lang='grc'>148</span> <span class='ocrx_word' id='word_1_129' title='bbox 259 1836 285 1890; x_wconf 92' lang='lat' dir='ltr'>b.</span> <span class='ocrx_word' id='word_1_130' title='bbox 315 1828 407 1891; x_wconf 77' lang='grc' dir='ltr'><em>πάλιν</em></span> <span class='ocrx_word' id='word_1_131' title='bbox 429 1830 462 1892; x_wconf 74' lang='lat' dir='ltr'>d&#39;a&#39;</span> <span class='ocrx_word' id='word_1_132' title='bbox 485 1827 623 1909; x_wconf 75' lang='grc' dir='ltr'>ὃαύῑός]</span> <span class='ocrx_word' id='word_1_133' title='bbox 649 1837 722 1893; x_wconf 90' lang='lat' dir='ltr'>Hanc</span> <span class='ocrx_word' id='word_1_134' title='bbox 738 1838 845 1892; x_wconf 91' lang='lat' dir='ltr'>loannis</span> <span class='ocrx_word' id='word_1_135' title='bbox 861 1839 1011 1901; x_wconf 86' lang='lat' dir='ltr'>historiam,</span> <span class='ocrx_word' id='word_1_136' title='bbox 1035 1855 1115 1910; x_wconf 87' lang='lat' dir='ltr'>quatu</span> 
     </span>
     <span class='ocr_line' id='line_1_19' title="bbox 88 1921 1114 1993; baseline 0.001 -16"><span class='ocrx_word' id='word_1_137' title='bbox 88 1941 107 1977; x_wconf 87' lang='lat' dir='ltr'>a</span> <span class='ocrx_word' id='word_1_138' title='bbox 132 1921 281 1993; x_wconf 82' lang='lat' dir='ltr'>Polycarpo</span> <span class='ocrx_word' id='word_1_139' title='bbox 304 1931 455 1993; x_wconf 85' lang='lat' dir='ltr'>acceperat,</span> <span class='ocrx_word' id='word_1_140' title='bbox 479 1922 562 1977; x_wconf 88' lang='lat' dir='ltr'>relert</span> <span class='ocrx_word' id='word_1_141' title='bbox 585 1923 654 1976; x_wconf 90' lang='lat' dir='ltr'>lrcn.</span> <span class='ocrx_word' id='word_1_142' title='bbox 673 1925 700 1988; x_wconf 87' lang='lat'>3,</span> <span class='ocrx_word' id='word_1_143' title='bbox 719 1926 736 1980; x_wconf 84' lang='lat'><strong>3</strong></span> <span class='ocrx_word' id='word_1_144' title='bbox 760 1932 787 1978; x_wconf 93' lang='lat' dir='ltr'>et</span> <span class='ocrx_word' id='word_1_145' title='bbox 808 1923 908 1978; x_wconf 88' lang='lat' dir='ltr'>Euseb.</span> <span class='ocrx_word' id='word_1_146' title='bbox 932 1923 1001 1978; x_wconf 89' lang='lat' dir='ltr'>Hist.</span> <span class='ocrx_word' id='word_1_147' title='bbox 1019 1925 1046 1985; x_wconf 88' lang='lat'>3,</span> <span class='ocrx_word' id='word_1_148' title='bbox 1065 1925 1114 1982; x_wconf 81' lang='grc'>211.</span> 
     </span>
     <span class='ocr_line' id='line_1_20' title="bbox 89 2005 1214 2067; baseline 0.002 -5"><span class='ocrx_word' id='word_1_149' title='bbox 89 2006 149 2062; x_wconf 85' lang='lat' dir='ltr'>Sed</span> <span class='ocrx_word' id='word_1_150' title='bbox 173 2005 345 2067; x_wconf 79' lang='lat' dir='ltr'>Corinthum,</span> <span class='ocrx_word' id='word_1_151' title='bbox 370 2023 424 2061; x_wconf 92' lang='lat' dir='ltr'>non</span> <span class='ocrx_word' id='word_1_152' title='bbox 447 2006 576 2062; x_wconf 84' lang='lat' dir='ltr'>Ebionein</span> <span class='ocrx_word' id='word_1_153' title='bbox 600 2006 770 2064; x_wconf 83' lang='lat' dir='ltr'>Haereticuni</span> <span class='ocrx_word' id='word_1_154' title='bbox 794 2007 868 2062; x_wconf 90' lang='lat' dir='ltr'>illum</span> <span class='ocrx_word' id='word_1_155' title='bbox 893 2009 974 2063; x_wconf 91' lang='lat' dir='ltr'>luisse</span> <span class='ocrx_word' id='word_1_156' title='bbox 997 2025 1116 2064; x_wconf 88' lang='lat' dir='ltr'>consen·</span> <span class='ocrx_word' id='word_1_157' title='bbox 1211 2025 1214 2034; x_wconf 38' lang='lat' dir='ltr'>t</span> 
     </span>
     <span class='ocr_line' id='line_1_21' title="bbox 91 2083 1114 2169; baseline 0 -22"><span class='ocrx_word' id='word_1_158' title='bbox 91 2093 166 2147; x_wconf 83' lang='lat' dir='ltr'>liunt</span> <span class='ocrx_word' id='word_1_159' title='bbox 190 2107 294 2149; x_wconf 70' lang='lat' dir='ltr'>omnes·</span> <span class='ocrx_word' id='word_1_160' title='bbox 325 2090 413 2158; x_wconf 80' lang='lat' dir='ltr'>Quare</span> <span class='ocrx_word' id='word_1_161' title='bbox 435 2085 622 2165; x_wconf 78' lang='grc' dir='ltr'><em>μνημονικὸν</em></span> <span class='ocrx_word' id='word_1_162' title='bbox 645 2102 686 2148; x_wconf 85' lang='lat' dir='ltr'>est</span> <span class='ocrx_word' id='word_1_163' title='bbox 708 2083 839 2169; x_wconf 76' lang='grc' dir='ltr'><em>σφάλμα</em></span> <span class='ocrx_word' id='word_1_164' title='bbox 861 2092 1003 2165; x_wconf 86' lang='lat' dir='ltr'>Epiphanii</span> <span class='ocrx_word' id='word_1_165' title='bbox 1018 2094 1114 2148; x_wconf 90' lang='lat' dir='ltr'>nostri.</span> 
     </span>
    </p>

    <p class='ocr_par' dir='ltr' id='par_1_8' title="bbox 187 2167 1116 2253">
     <span class='ocr_line' id='line_1_22' title="bbox 187 2167 1116 2253; baseline 0 -21"><span class='ocrx_word' id='word_1_166' title='bbox 187 2177 242 2233; x_wconf 88' lang='grc'>148</span> <span class='ocrx_word' id='word_1_167' title='bbox 259 2193 282 2230; x_wconf 87' lang='lat' dir='ltr'>c.</span> <span class='ocrx_word' id='word_1_168' title='bbox 313 2167 329 2232; x_wconf 81' lang='grc' dir='ltr'><em>ὃ</em></span> <span class='ocrx_word' id='word_1_169' title='bbox 353 2169 387 2230; x_wconf 64' lang='lat' dir='ltr'>da*</span> <span class='ocrx_word' id='word_1_170' title='bbox 406 2167 576 2253; x_wconf 72' lang='grc' dir='ltr'><strong><em>Ὀλεάριος]</em></strong></span> <span class='ocrx_word' id='word_1_171' title='bbox 600 2177 671 2249; x_wconf 83' lang='lat' dir='ltr'>Ergo</span> <span class='ocrx_word' id='word_1_172' title='bbox 688 2178 809 2233; x_wconf 81' lang='lat' dir='ltr'>Olearius</span> <span class='ocrx_word' id='word_1_173' title='bbox 832 2176 981 2250; x_wconf 89' lang='lat' dir='ltr'>appellatus</span> <span class='ocrx_word' id='word_1_174' title='bbox 1004 2185 1046 2232; x_wconf 91' lang='lat' dir='ltr'>est</span> <span class='ocrx_word' id='word_1_175' title='bbox 1067 2193 1116 2232; x_wconf 86' lang='lat' dir='ltr'>ve-</span> 
     </span>
    </p>
   </div>
   <div class='ocr_carea' id='block_1_3' title="bbox 89 2251 1155 2570">
    <p class='ocr_par' dir='ltr' id='par_1_9' title="bbox 89 2251 1155 2570">
     <span class='ocr_line' id='line_1_23' title="bbox 89 2251 1117 2336; baseline 0 -20"><span class='ocrx_word' id='word_1_176' title='bbox 89 2261 286 2316; x_wconf 81' lang='lat' dir='ltr'>stimentorum</span> <span class='ocrx_word' id='word_1_177' title='bbox 309 2269 411 2321; x_wconf 90' lang='lat' dir='ltr'>custos,</span> <span class='ocrx_word' id='word_1_178' title='bbox 436 2251 651 2336; x_wconf 75' lang='grc' dir='ltr'><em>ἱματιοφύλαξ.</em></span> <span class='ocrx_word' id='word_1_179' title='bbox 681 2266 721 2317; x_wconf 82' lang='lat' dir='ltr'>An</span> <span class='ocrx_word' id='word_1_180' title='bbox 744 2263 814 2317; x_wconf 89' lang='lat' dir='ltr'>idem</span> <span class='ocrx_word' id='word_1_181' title='bbox 837 2272 864 2317; x_wconf 90' lang='lat' dir='ltr'>et</span> <span class='ocrx_word' id='word_1_182' title='bbox 887 2262 975 2316; x_wconf 87' lang='lat' dir='ltr'>oleum</span> <span class='ocrx_word' id='word_1_183' title='bbox 999 2259 1117 2333; x_wconf 87' lang='lat' dir='ltr'>praehe-</span> 
     </span>
     <span class='ocr_line' id='line_1_24' title="bbox 95 2336 1155 2421; baseline 0.002 -21"><span class='ocrx_word' id='word_1_184' title='bbox 95 2345 142 2400; x_wconf 91' lang='lat' dir='ltr'>bat</span> <span class='ocrx_word' id='word_1_185' title='bbox 164 2353 192 2400; x_wconf 86' lang='lat' dir='ltr'>ct</span> <span class='ocrx_word' id='word_1_186' title='bbox 213 2345 372 2400; x_wconf 87' lang='lat' dir='ltr'>vestimenta</span> <span class='ocrx_word' id='word_1_187' title='bbox 395 2343 538 2401; x_wconf 75' lang='lat' dir='ltr'>servabat?</span> <span class='ocrx_word' id='word_1_188' title='bbox 569 2348 607 2401; x_wconf 84' lang='lat' dir='ltr'>hn</span> <span class='ocrx_word' id='word_1_189' title='bbox 623 2336 979 2421; x_wconf 78' lang='lat' dir='ltr'>onolta‘ptovlegendum‘?</span> <span class='ocrx_word' id='word_1_190' title='bbox 1007 2345 1072 2399; x_wconf 88' lang='lat' dir='ltr'>Nam</span> <span class='ocrx_word' id='word_1_191' title='bbox 1089 2350 1155 2402; x_wconf 78' lang='lat' dir='ltr'>etbb</span> 
     </span>
     <span class='ocr_line' id='line_1_25' title="bbox 90 2420 1115 2504; baseline 0.001 -20"><span class='ocrx_word' id='word_1_192' title='bbox 90 2420 304 2504; x_wconf 72' lang='lat' dir='ltr'>dnod&#39;vrq‘ptor</span> <span class='ocrx_word' id='word_1_193' title='bbox 324 2429 416 2485; x_wconf 89' lang='lat' dir='ltr'>Latine</span> <span class='ocrx_word' id='word_1_194' title='bbox 438 2431 616 2501; x_wconf 74' lang='lat' dir='ltr'>spoliarium.</span> <span class='ocrx_word' id='word_1_195' title='bbox 653 2430 683 2484; x_wconf 92' lang='lat' dir='ltr'>ln</span> <span class='ocrx_word' id='word_1_196' title='bbox 706 2430 795 2486; x_wconf 91' lang='lat' dir='ltr'>Veteri</span> <span class='ocrx_word' id='word_1_197' title='bbox 818 2431 880 2484; x_wconf 86' lang='lat' dir='ltr'>Lex.</span> <span class='ocrx_word' id='word_1_198' title='bbox 903 2430 1044 2502; x_wconf 77' lang='lat' dir='ltr'>spoliario</span> <span class='ocrx_word' id='word_1_199' title='bbox 1067 2447 1115 2485; x_wconf 77' lang='lat' dir='ltr'>en·</span> 
     </span>
     <span class='ocr_line' id='line_1_26' title="bbox 91 2515 550 2570; baseline -0.004 0"><span class='ocrx_word' id='word_1_200' title='bbox 91 2516 213 2570; x_wconf 74' lang='lat' dir='ltr'>teriones</span> <span class='ocrx_word' id='word_1_201' title='bbox 235 2515 400 2570; x_wconf 79' lang='lat' dir='ltr'>balneorum</span> <span class='ocrx_word' id='word_1_202' title='bbox 421 2516 550 2570; x_wconf 80' lang='lat' dir='ltr'>cellolae.</span> 
     </span>
    </p>
   </div>
   <div class='ocr_carea' id='block_1_4' title="bbox 93 2592 1195 3691">
    <p class='ocr_par' dir='ltr' id='par_1_10' title="bbox 93 2592 1195 2914">
     <span class='ocr_line' id='line_1_27' title="bbox 185 2592 1195 2674; baseline 0.003 -18"><span class='ocrx_word' id='word_1_203' title='bbox 185 2599 285 2656; x_wconf 82' lang='grc'>1491.</span> <span class='ocrx_word' id='word_1_204' title='bbox 316 2592 489 2673; x_wconf 70' lang='grc' dir='ltr'><em>Βαρνάβαν</em></span> <span class='ocrx_word' id='word_1_205' title='bbox 511 2593 544 2654; x_wconf 76' lang='grc' dir='ltr'>δὲ</span> <span class='ocrx_word' id='word_1_206' title='bbox 564 2593 811 2674; x_wconf 72' lang='grc' dir='ltr'><em>μετακληθένῑα]</em></span> <span class='ocrx_word' id='word_1_207' title='bbox 835 2597 969 2654; x_wconf 87' lang='lat' dir='ltr'>Barnabas</span> <span class='ocrx_word' id='word_1_208' title='bbox 991 2599 1118 2673; x_wconf 90' lang='lat' dir='ltr'>Prophe·</span> <span class='ocrx_word' id='word_1_209' title='bbox 1188 2620 1195 2659; x_wconf 82' lang='lat' dir='ltr'>t</span> 
     </span>
     <span class='ocr_line' id='line_1_28' title="bbox 93 2683 1116 2757; baseline 0.001 -17"><span class='ocrx_word' id='word_1_210' title='bbox 93 2695 141 2740; x_wconf 76' lang='lat' dir='ltr'>:tae</span> <span class='ocrx_word' id='word_1_211' title='bbox 167 2683 208 2740; x_wconf 88' lang='lat' dir='ltr'>vel</span> <span class='ocrx_word' id='word_1_212' title='bbox 231 2684 393 2756; x_wconf 87' lang='lat' dir='ltr'>Prophetiae</span> <span class='ocrx_word' id='word_1_213' title='bbox 422 2683 505 2738; x_wconf 85' lang='lat' dir='ltr'>hlium</span> <span class='ocrx_word' id='word_1_214' title='bbox 529 2701 626 2739; x_wconf 89' lang='lat' dir='ltr'>sonare</span> <span class='ocrx_word' id='word_1_215' title='bbox 649 2683 763 2740; x_wconf 89' lang='lat' dir='ltr'>videtur.</span> <span class='ocrx_word' id='word_1_216' title='bbox 809 2683 862 2739; x_wconf 89' lang='lat' dir='ltr'>Sed</span> <span class='ocrx_word' id='word_1_217' title='bbox 884 2702 899 2739; x_wconf 92' lang='lat' dir='ltr'>a</span> <span class='ocrx_word' id='word_1_218' title='bbox 922 2683 1030 2757; x_wconf 83' lang='lat' dir='ltr'>Syriaca</span> <span class='ocrx_word' id='word_1_219' title='bbox 1052 2702 1116 2741; x_wconf 89' lang='lat' dir='ltr'>voce</span> 
     </span>
     <span class='ocr_line' id='line_1_29' title="bbox 98 2769 1115 2844; baseline -0.003 -16"><span class='ocrx_word' id='word_1_220' title='bbox 98 2784 154 2828; x_wconf 63' lang='lat' dir='ltr'>tm</span> <span class='ocrx_word' id='word_1_221' title='bbox 184 2769 327 2825; x_wconf 86' lang='lat' dir='ltr'>deducitur</span> <span class='ocrx_word' id='word_1_222' title='bbox 354 2786 423 2841; x_wconf 90' lang='lat' dir='ltr'>quae</span> <span class='ocrx_word' id='word_1_223' title='bbox 451 2779 493 2824; x_wconf 89' lang='lat' dir='ltr'>est</span> <span class='ocrx_word' id='word_1_224' title='bbox 521 2770 673 2824; x_wconf 73' lang='lat' dir='ltr'>consolari.</span> <span class='ocrx_word' id='word_1_225' title='bbox 717 2770 810 2842; x_wconf 90' lang='lat' dir='ltr'>ltaque</span> <span class='ocrx_word' id='word_1_226' title='bbox 837 2769 921 2843; x_wconf 76' lang='lat' dir='ltr'>Syrus</span> <span class='ocrx_word' id='word_1_227' title='bbox 944 2770 1115 2844; x_wconf 88' lang='lat' dir='ltr'>Paraphrast.</span> 
     </span>
     <span class='ocr_line' id='line_1_30' title="bbox 93 2853 455 2914; baseline -0.014 -1"><span class='ocrx_word' id='word_1_228' title='bbox 93 2869 215 2914; x_wconf 59' lang='lat' dir='ltr'>nunna</span> <span class='ocrx_word' id='word_1_229' title='bbox 242 2868 306 2913; x_wconf 66' lang='lat' dir='ltr'>na:</span> <span class='ocrx_word' id='word_1_230' title='bbox 330 2853 455 2909; x_wconf 84' lang='lat' dir='ltr'>reddidit.</span> 
     </span>
    </p>

    <p class='ocr_par' dir='ltr' id='par_1_11' title="bbox 93 2928 1119 3691">
     <span class='ocr_line' id='line_1_31' title="bbox 187 2928 1119 3017; baseline -0.003 -22"><span class='ocrx_word' id='word_1_231' title='bbox 187 2941 243 2995; x_wconf 85' lang='lat'>150</span> <span class='ocrx_word' id='word_1_232' title='bbox 261 2938 287 2993; x_wconf 91' lang='lat' dir='ltr'>b.</span> <span class='ocrx_word' id='word_1_233' title='bbox 319 2933 408 2994; x_wconf 80' lang='grc' dir='ltr'><em>παντὶ</em></span> <span class='ocrx_word' id='word_1_234' title='bbox 432 2932 467 2994; x_wconf 73' lang='lat' dir='ltr'>dc&#39;</span> <span class='ocrx_word' id='word_1_235' title='bbox 486 2956 530 3017; x_wconf 79' lang='grc' dir='ltr'>τῳ</span> <span class='ocrx_word' id='word_1_236' title='bbox 553 2928 647 3012; x_wconf 78' lang='grc' dir='ltr'><em>δῆλόν</em></span> <span class='ocrx_word' id='word_1_237' title='bbox 668 2933 744 3011; x_wconf 71' lang='grc' dir='ltr'><strong><em>ἔστι]</em></strong></span> <span class='ocrx_word' id='word_1_238' title='bbox 771 2939 870 3004; x_wconf 86' lang='lat' dir='ltr'>Cittim,</span> <span class='ocrx_word' id='word_1_239' title='bbox 894 2939 935 2994; x_wconf 93' lang='lat' dir='ltr'>vel</span> <span class='ocrx_word' id='word_1_240' title='bbox 958 2939 1042 2994; x_wconf 85' lang='lat' dir='ltr'>Cetint</span> <span class='ocrx_word' id='word_1_241' title='bbox 1066 2955 1119 2992; x_wconf 85' lang='lat' dir='ltr'>no-</span> 
     </span>
     <span class='ocr_line' id='line_1_32' title="bbox 93 3023 1118 3097; baseline -0.002 -19"><span class='ocrx_word' id='word_1_242' title='bbox 93 3025 170 3080; x_wconf 85' lang='lat' dir='ltr'>mine</span> <span class='ocrx_word' id='word_1_243' title='bbox 193 3023 305 3097; x_wconf 83' lang='lat' dir='ltr'>Cyprios</span> <span class='ocrx_word' id='word_1_244' title='bbox 327 3023 524 3096; x_wconf 89' lang='lat' dir='ltr'>propemodum</span> <span class='ocrx_word' id='word_1_245' title='bbox 548 3040 642 3078; x_wconf 91' lang='lat' dir='ltr'>omnes</span> <span class='ocrx_word' id='word_1_246' title='bbox 665 3023 828 3097; x_wconf 84' lang='lat' dir='ltr'>intelligunt.</span> <span class='ocrx_word' id='word_1_247' title='bbox 867 3023 920 3079; x_wconf 89' lang='lat' dir='ltr'>Sed</span> <span class='ocrx_word' id='word_1_248' title='bbox 942 3032 970 3079; x_wconf 88' lang='lat' dir='ltr'>et</span> <span class='ocrx_word' id='word_1_249' title='bbox 992 3023 1118 3077; x_wconf 86' lang='lat' dir='ltr'>llaccdo-</span> 
     </span>
     <span class='ocr_line' id='line_1_33' title="bbox 97 3107 1117 3182; baseline -0.004 -18"><span class='ocrx_word' id='word_1_250' title='bbox 97 3127 145 3165; x_wconf 87' lang='lat' dir='ltr'>nes</span> <span class='ocrx_word' id='word_1_251' title='bbox 169 3109 261 3165; x_wconf 86' lang='lat' dir='ltr'>eadem</span> <span class='ocrx_word' id='word_1_252' title='bbox 285 3124 350 3163; x_wconf 88' lang='lat' dir='ltr'>voce</span> <span class='ocrx_word' id='word_1_253' title='bbox 372 3108 566 3180; x_wconf 90' lang='lat' dir='ltr'>comprehendi</span> <span class='ocrx_word' id='word_1_254' title='bbox 589 3119 693 3179; x_wconf 89' lang='lat' dir='ltr'>putant.</span> <span class='ocrx_word' id='word_1_255' title='bbox 726 3108 796 3164; x_wconf 88' lang='lat' dir='ltr'>Sane</span> <span class='ocrx_word' id='word_1_256' title='bbox 819 3109 928 3182; x_wconf 89' lang='lat' dir='ltr'>quidem</span> <span class='ocrx_word' id='word_1_257' title='bbox 944 3107 1041 3164; x_wconf 90' lang='lat' dir='ltr'>Citium</span> <span class='ocrx_word' id='word_1_258' title='bbox 1065 3121 1117 3178; x_wconf 86' lang='lat' dir='ltr'>op·</span> 
     </span>
     <span class='ocr_line' id='line_1_34' title="bbox 98 3189 1117 3266; baseline -0.004 -16"><span class='ocrx_word' id='word_1_259' title='bbox 98 3195 189 3266; x_wconf 93' lang='lat' dir='ltr'>pidum</span> <span class='ocrx_word' id='word_1_260' title='bbox 212 3193 382 3249; x_wconf 85' lang='lat' dir='ltr'>Macedoniae</span> <span class='ocrx_word' id='word_1_261' title='bbox 403 3193 462 3255; x_wconf 89' lang='lat' dir='ltr'>luit,</span> <span class='ocrx_word' id='word_1_262' title='bbox 486 3192 557 3265; x_wconf 86' lang='lat' dir='ltr'>apud</span> <span class='ocrx_word' id='word_1_263' title='bbox 579 3194 633 3248; x_wconf 83' lang='lat' dir='ltr'>Liv.</span> <span class='ocrx_word' id='word_1_264' title='bbox 657 3194 674 3248; x_wconf 93' lang='lat' dir='ltr'>l.</span> <span class='ocrx_word' id='word_1_265' title='bbox 692 3195 742 3250; x_wconf 85' lang='grc'>42.</span> <span class='ocrx_word' id='word_1_266' title='bbox 773 3193 842 3261; x_wconf 83' lang='lat' dir='ltr'>Quin</span> <span class='ocrx_word' id='word_1_267' title='bbox 866 3202 893 3248; x_wconf 91' lang='lat' dir='ltr'>et</span> <span class='ocrx_word' id='word_1_268' title='bbox 909 3191 1007 3247; x_wconf 87' lang='lat' dir='ltr'>Cilicia.</span> <span class='ocrx_word' id='word_1_269' title='bbox 1039 3189 1117 3258; x_wconf 79' lang='lat' dir='ltr'>Quod</span> 
     </span>
     <span class='ocr_line' id='line_1_35' title="bbox 98 3275 1116 3350; baseline -0.001 -18"><span class='ocrx_word' id='word_1_270' title='bbox 98 3280 186 3335; x_wconf 76' lang='lat' dir='ltr'>verius</span> <span class='ocrx_word' id='word_1_271' title='bbox 216 3277 339 3335; x_wconf 91' lang='lat' dir='ltr'>nonnulli</span> <span class='ocrx_word' id='word_1_272' title='bbox 367 3279 549 3350; x_wconf 87' lang='lat' dir='ltr'>suspicantur.</span> <span class='ocrx_word' id='word_1_273' title='bbox 594 3279 735 3334; x_wconf 90' lang='lat' dir='ltr'>Postremo</span> <span class='ocrx_word' id='word_1_274' title='bbox 765 3279 877 3333; x_wconf 82' lang='lat' dir='ltr'>Romam</span> <span class='ocrx_word' id='word_1_275' title='bbox 905 3285 986 3347; x_wconf 88' lang='lat' dir='ltr'>atque</span> <span class='ocrx_word' id='word_1_276' title='bbox 1015 3275 1116 3331; x_wconf 89' lang='lat' dir='ltr'>ltaliam</span> 
     </span>
     <span class='ocr_line' id='line_1_36' title="bbox 94 3359 1117 3435; baseline -0.002 -17"><span class='ocrx_word' id='word_1_277' title='bbox 94 3364 193 3420; x_wconf 84' lang='lat' dir='ltr'>eodem</span> <span class='ocrx_word' id='word_1_278' title='bbox 215 3363 261 3418; x_wconf 92' lang='lat' dir='ltr'>illo</span> <span class='ocrx_word' id='word_1_279' title='bbox 283 3362 414 3418; x_wconf 91' lang='lat' dir='ltr'>vocabulo</span> <span class='ocrx_word' id='word_1_280' title='bbox 438 3363 665 3435; x_wconf 87' lang='lat' dir='ltr'>complectuntur.</span> <span class='ocrx_word' id='word_1_281' title='bbox 695 3362 758 3417; x_wconf 84' lang='lat' dir='ltr'>hlihi</span> <span class='ocrx_word' id='word_1_282' title='bbox 781 3360 921 3434; x_wconf 83' lang='lat' dir='ltr'>probabile</span> <span class='ocrx_word' id='word_1_283' title='bbox 943 3359 1049 3415; x_wconf 89' lang='lat' dir='ltr'>videtur</span> <span class='ocrx_word' id='word_1_284' title='bbox 1064 3359 1117 3416; x_wconf 81' lang='lat' dir='ltr'>Ce-</span> 
     </span>
     <span class='ocr_line' id='line_1_37' title="bbox 98 3445 1116 3520; baseline -0.002 -17"><span class='ocrx_word' id='word_1_285' title='bbox 98 3448 154 3515; x_wconf 90' lang='lat' dir='ltr'>tim,</span> <span class='ocrx_word' id='word_1_286' title='bbox 179 3457 225 3503; x_wconf 91' lang='lat' dir='ltr'>aut</span> <span class='ocrx_word' id='word_1_287' title='bbox 249 3448 363 3503; x_wconf 89' lang='lat' dir='ltr'>Citiaeos</span> <span class='ocrx_word' id='word_1_288' title='bbox 387 3447 496 3520; x_wconf 90' lang='lat' dir='ltr'>proprie</span> <span class='ocrx_word' id='word_1_289' title='bbox 519 3447 613 3503; x_wconf 89' lang='lat' dir='ltr'>Cilicas</span> <span class='ocrx_word' id='word_1_290' title='bbox 637 3464 696 3502; x_wconf 90' lang='lat' dir='ltr'>esse</span> <span class='ocrx_word' id='word_1_291' title='bbox 720 3456 747 3501; x_wconf 89' lang='lat' dir='ltr'>et</span> <span class='ocrx_word' id='word_1_292' title='bbox 770 3445 802 3500; x_wconf 90' lang='lat' dir='ltr'>ab</span> <span class='ocrx_word' id='word_1_293' title='bbox 826 3446 857 3499; x_wconf 92' lang='lat' dir='ltr'>iis</span> <span class='ocrx_word' id='word_1_294' title='bbox 880 3454 1044 3518; x_wconf 89' lang='lat' dir='ltr'>propagatos</span> <span class='ocrx_word' id='word_1_295' title='bbox 1062 3445 1116 3520; x_wconf 86' lang='lat' dir='ltr'>Cy-</span> 
     </span>
     <span class='ocr_line' id='line_1_38' title="bbox 95 3530 1117 3605; baseline -0.001 -17"><span class='ocrx_word' id='word_1_296' title='bbox 95 3535 180 3605; x_wconf 91' lang='lat' dir='ltr'>prios.</span> <span class='ocrx_word' id='word_1_297' title='bbox 211 3533 276 3588; x_wconf 90' lang='lat' dir='ltr'>Nam</span> <span class='ocrx_word' id='word_1_298' title='bbox 300 3532 371 3588; x_wconf 90' lang='lat' dir='ltr'>Cetis</span> <span class='ocrx_word' id='word_1_299' title='bbox 394 3542 421 3588; x_wconf 88' lang='lat' dir='ltr'>et</span> <span class='ocrx_word' id='word_1_300' title='bbox 444 3532 510 3587; x_wconf 90' lang='lat' dir='ltr'>Citia</span> <span class='ocrx_word' id='word_1_301' title='bbox 526 3532 631 3588; x_wconf 87' lang='lat' dir='ltr'>Ciliciae</span> <span class='ocrx_word' id='word_1_302' title='bbox 653 3531 779 3603; x_wconf 82' lang='lat' dir='ltr'>regiones</span> <span class='ocrx_word' id='word_1_303' title='bbox 795 3530 863 3586; x_wconf 91' lang='lat' dir='ltr'>duae</span> <span class='ocrx_word' id='word_1_304' title='bbox 878 3538 943 3586; x_wconf 88' lang='lat' dir='ltr'>sunt</span> <span class='ocrx_word' id='word_1_305' title='bbox 958 3530 1028 3603; x_wconf 90' lang='lat' dir='ltr'>apud</span> <span class='ocrx_word' id='word_1_306' title='bbox 1045 3530 1117 3587; x_wconf 83' lang='lat' dir='ltr'>Ptol.</span> 
     </span>
     <span class='ocr_line' id='line_1_39' title="bbox 94 3614 1119 3691; baseline -0.001 -17"><span class='ocrx_word' id='word_1_307' title='bbox 94 3618 175 3687; x_wconf 76' lang='lat' dir='ltr'>Quod</span> <span class='ocrx_word' id='word_1_308' title='bbox 205 3627 294 3674; x_wconf 90' lang='lat' dir='ltr'>autem</span> <span class='ocrx_word' id='word_1_309' title='bbox 324 3634 373 3690; x_wconf 90' lang='lat' dir='ltr'>per</span> <span class='ocrx_word' id='word_1_310' title='bbox 396 3617 528 3691; x_wconf 83' lang='lat' dir='ltr'>Cyprum,</span> <span class='ocrx_word' id='word_1_311' title='bbox 559 3627 605 3672; x_wconf 85' lang='lat' dir='ltr'>aut</span> <span class='ocrx_word' id='word_1_312' title='bbox 629 3616 746 3671; x_wconf 84' lang='lat' dir='ltr'>Ciliciam</span> <span class='ocrx_word' id='word_1_313' title='bbox 769 3614 863 3671; x_wconf 85' lang='lat' dir='ltr'>Graeci</span> <span class='ocrx_word' id='word_1_314' title='bbox 893 3615 1059 3690; x_wconf 85' lang='lat' dir='ltr'>Romanique</span> <span class='ocrx_word' id='word_1_315' title='bbox 1088 3617 1119 3673; x_wconf 84' lang='lat' dir='ltr'>iu</span> 
     </span>
    </p>
   </div>
   <div class='ocr_carea' id='block_1_5' title="bbox 0 0 1280 4154">
    <p class='ocr_par' dir='ltr' id='par_1_12' title="bbox 0 0 1280 4154">
     <span class='ocr_line' id='line_1_40' title="bbox 0 0 1280 4154; baseline 0 0"><span class='ocrx_word' id='word_1_316' title='bbox 0 0 1280 4154; x_wconf 95' lang='lat' dir='ltr'> </span> 
     </span>
    </p>
   </div>
  </div>
 </body>
</html>
