2534 4154
462 319 538 369 herl
557 321 775 372 uotttuuhltth.
1049 323 1131 367 xhtll

108 473 190 547 quasi
207 472 370 529 christivel
392 475 478 531 sancti
500 476 654 532 cuiusdam:
680 492 731 533 neo
754 475 825 532 enim
848 475 912 531 setis
927 475 1037 532 memini
1051 477 1133 537 euim

106 558 201 630 imago
225 557 315 614 luerit.
346 558 416 614 Cum
435 576 501 633 ergo
523 560 576 616 hoc
596 560 730 626 vidissem,
753 561 781 616 in
803 559 916 617 ecclesia
931 559 1038 626 Christi,
1061 577 1131 619 con*

109 653 151 699 tra
177 644 368 701 auctoritatem
384 643 593 721 Scripturarum
616 645 734 702 hominis
749 646 868 719 pendere
883 645 1040 719 imaginem,
1062 644 1133 705 scidi

108 727 179 784 illud
202 736 230 784 et
250 728 335 802 magis
358 728 419 784 dedi
442 728 585 785 consilium
607 729 764 786 custodibus
788 730 908 787 eiusdem
922 730 992 795 loci,
1014 738 1047 786 ut
1060 747 1132 804 pouev

108 829 206 886 perem
233 822 372 875 mortuum
406 830 439 870 eo
468 813 643 870 obvolverent
672 823 699 870 et
727 814 863 871 efferrent.
908 814 1003 888 Illique
1034 824 1130 873 contre

108 906 313 955 murmurantes
343 898 482 964 dixerunt,
512 898 541 954 Si
562 897 686 955 scindere
714 899 849 964 voluerat,
879 899 981 956 iustum
1013 908 1071 957 crat
1097 907 1132 958 ut

109 981 186 1038 aliud
207 983 283 1038 daret
305 983 393 1040 velum
414 991 496 1058 atquc
519 991 645 1041 mutaret.
676 983 754 1052 Quod
776 1000 837 1041 oum
854 983 998 1050 audissem,
1021 1001 1064 1041 me
1079 983 1132 1043 de·

109 1077 204 1124 turum
233 1083 294 1123 esse
322 1067 458 1141 pollicitus
486 1086 562 1125 sum:
591 1067 731 1142 paululum
758 1076 848 1126 nutem
872 1085 1007 1126 morarum
1029 1070 1133 1144 luitis

108 1152 211 1216 medio,
234 1152 297 1208 dum
320 1169 421 1227 quaero
443 1154 575 1227 optimum
598 1153 686 1209 velum
706 1170 757 1227 pro
780 1154 952 1220 comittere,
979 1153 1130 1215 arbitrabor

109 1237 182 1295 euim
212 1235 245 1292 de
270 1236 357 1310 Cypro
378 1238 444 1294 mihi
467 1255 528 1295 esse
549 1238 720 1294 mittendum.
763 1238 840 1295 Nunc
861 1246 950 1295 autem
972 1239 1033 1295 misi
1055 1240 1130 1313 quot

109 1322 189 1396 potiri
219 1322 355 1394 reperirer
384 1331 412 1379 et
439 1340 538 1397 precor
564 1332 595 1379 ut
620 1322 713 1379 iubens
735 1321 911 1396 presbyteros
933 1323 1054 1380 eiusdem
1075 1323 1130 1383 loci

109 1407 252 1480 suscipere
273 1406 362 1462 uelum
384 1425 398 1463 a
420 1408 507 1464 latore
529 1407 602 1483 qnod
623 1407 732 1464 anobis
748 1408 860 1462 missum
876 1416 932 1474 est3
957 1416 985 1465 et
1000 1409 1130 1483 deinceps

108 1491 268 1566 praecipere
290 1492 317 1546 in
332 1492 457 1549 ‚Ecclesh
480 1492 579 1549 Christi
601 1493 732 1549 eiusmodi
754 1493 825 1557 vela,
855 1509 925 1565 quae
946 1501 1040 1549 contro
1062 1493 1131 1549 reli*

108 1570 220 1650 gionein
242 1585 363 1632 nostrum
385 1586 458 1642 suut,
482 1594 536 1633 non
559 1578 701 1650 appendi‘.
745 1567 1026 1650 llactenusepistolc,
1050 1577 1129 1634 cuim

107 1663 133 1718 si
154 1669 240 1718 recte
253 1661 439 1734 expenduntur
460 1661 549 1726 verbu,
573 1662 661 1718 velum
684 1663 757 1718 istud
779 1662 930 1718 discissum
942 1661 1025 1719 tuisse
1042 1678 1131 1736 appas

106 1746 268 1809 ruebit-uon
291 1747 357 1818 quio
375 1763 438 1803 rere
455 1746 598 1803 “habebat
620 1747 763 1821 imaginem
787 1747 885 1803 Christi
907 1745 949 1803 vel
970 1747 1055 1803 sancti
1077 1763 1124 1803 cu·

106 1832 246 1898 iusdum;”
275 1831 323 1887 sed
354 1832 431 1904 quia,
463 1849 523 1888 cum
553 1831 667 1888 haberet
694 1831 810 1905 effigiem
839 1831 957 1888 hominis
978 1831 1129 1905 cuiuspiam

106 1916 232 1989 profrui,
264 1925 311 1972 aut
338 1916 408 1972 lorte
430 1911 518 1973 adhuc
539 1917 666 1982 viventis,
696 1934 845 1990 appensum
868 1917 928 1973 istic
951 1924 1008 1974 erat
1031 1917 1129 1989 “qumi

107 2002 217 2058 Christi
231 2010 278 2057 aut
299 2001 386 2058 suncti
408 2001 577 2077 cuiusdam':
602 2002 807 2075 quceeuceptio
824 2002 989 2059 orthodoxae
1004 2000 1065 2058 fidel
1080 2017 1129 2058 ro-
1164 1997 1169 2006 ’

106 2086 200 2159 gulam
223 2103 255 2141 ex
277 2086 412 2142 contrario
435 2085 533 2143 firmat.

535 2321 642 2380 CAPUT
664 2323 705 2378 lV.

104 2443 279 2516 Prophetloe
300 2445 417 2508 donum·
441 2439 599 2497 decoratus
623 2449 648 2495 et
670 2441 741 2495 liber
762 2440 803 2495 De
818 2441 981 2496 haeresibus
995 2440 1125 2514 scriptum

196 2597 246 2652 24.
276 2595 392 2652 Plurima
408 2595 437 2651 S.
453 2593 605 2668 Epiphanii,
627 2601 689 2648 unte
712 2600 824 2666 etpost
846 2601 1002 2665 susceptum
1017 2593 1128 2667 episeo«

104 2690 218 2755 putum,
246 2680 374 2736 miracula
402 2680 577 2737 continentur
599 2678 625 2733 in
648 2678 735 2742 Actis,
765 2676 816 2733 sub
839 2677 947 2734 nomine
970 2679 1076 2735 loannis
1098 2688 1127 2737 et

104 2764 214 2840 Polyhii
235 2765 389 2838 productis3
413 2764 462 2821 sed
485 2764 554 2827 talin,
582 2773 612 2819 ut
634 2780 730 2819 eorum
751 2762 889 2836 plerisque
911 2762 991 2820 fidem
1013 2764 1128 2839 deroget

106 2852 292 2914 sozomenus,
322 2867 424 2923 negans
453 2849 549 2905 viventi
577 2848 723 2920 contigisse
753 2857 782 2903 ut
804 2850 949 2904 daemones
971 2849 1077 2922 lugeret
1098 2857 1128 2907 et

105 2935 219 2992 morbos
243 2944 361 2991 curaret.
405 2934 451 2990 His
475 2952 540 3008 ergo
563 2933 774 3007 praetermissis,
798 2933 871 3006 quod
893 2932 982 2990 solum
1004 2934 1031 2989 in
1053 2933 1126 2990 dioto
1214 2988 1224 3004 ,

104 3029 220 3078 auctore
242 3019 321 3075 nobis
345 3028 486 3093 superest,
509 3019 673 3081 reseramus,
697 3018 851 3074 narratione
873 3018 946 3074 haud
967 3034 1063 3091 parum
1084 3015 1128 3072 di-

104 3122 199 3170 verse,
230 3103 264 3159 ab
287 3121 317 3160 ea
340 3123 393 3179 qun
416 3104 486 3160 idem
508 3103 665 3159 miraculum
688 3103 714 3157 in
738 3103 811 3159 Actis
832 3102 975 3176 praedictis
997 3116 1127 3157 recense-

105 3201 161 3247 tur.
194 3188 282 3246 Verba
303 3189 448 3246 Sozomeui
471 3187 517 3245 lib.
533 3188 578 3242 Vll
601 3203 658 3260 cap.
678 3189 714 3244 27
740 3188 806 3243 hoec
828 3193 917 3243 suntz'
932 3185 1031 3241 “Aliud
1044 3200 1126 3258 prae-

104 3285 182 3332 terea
205 3274 334 3348 quoddc
356 3274 402 3330 illo
424 3273 541 3330 refertur
563 3289 774 3328 commemorare
794 3271 871 3328 libet.
910 3271 939 3325 ld
961 3269 1069 3345 quidem
1090 3267 1125 3327 ub

104 3359 265 3416 admirando
281 3359 421 3432 Gregorio,
432 3410 435 3416 ,
446 3359 492 3432 qui
507 3357 760 3413 Neocaesorieusem
784 3356 863 3412 etiem
885 3355 954 3411 rexit
968 3354 1125 3423 Ecclesium,

104 3454 216 3518 gestum
238 3460 300 3501 esso
322 3444 414 3517 recepi
437 3452 464 3500 et
485 3440 721 3507 libentercredo3
745 3440 793 3496 sed
815 3456 870 3494 uon
892 3439 991 3496 idcirco
1006 3439 1126 3497 incredi-
1211 3428 1217 3442 '

104 3530 160 3587 hile
184 3529 267 3585 rideri
290 3527 371 3586 debet
386 3528 456 3586 idem
473 3544 583 3604 quoque
597 3527 697 3584 luctum
712 3525 745 3581 uh
761 3524 925 3598 Epiphanim
949 3526 1126 3600 nequeenim

104 3614 183 3672 solus
205 3615 305 3673 Petrus
327 3613 466 3688 apostolus
489 3621 627 3669 mortuum
649 3610 682 3666 ab
705 3609 797 3666 inieris
819 3609 1003 3679 resuscitante
1030 3625 1127 3669 verum·
