2534 4154
464 363 754 414 antuaoteasroues.
1056 349 1118 411 243

103 536 221 591 cumque
243 520 270 574 in
293 518 361 573 diem
375 518 523 582 inciderit,
554 518 699 574 dummodo
722 519 845 574 conlecto
869 519 920 573 iam
942 519 1120 591 Aequinoctio

103 605 252 675 contingat.
293 603 331 658 lta
355 603 425 657 enim
449 603 528 667 illud,
552 603 624 677 quod
648 604 757 659 eaedem
781 603 995 658 Constitutiones
1015 604 1119 669 iubent,

103 689 221 753 accidet,
251 697 280 743 ut
308 687 463 760 lugentibus
487 688 605 752 ludaeis,
637 689 688 743 hoc
718 698 773 750 cst,
804 704 858 761 quo
881 688 924 742 die
945 706 1039 761 azyma·
1059 707 1121 745 cum

103 774 217 831 lactucis
239 771 391 846 agrestibus
414 773 568 836 comedunt,
592 772 737 845 epulentur
753 772 904 828 Christiani.
935 774 1054 829 Alterum
1070 792 1121 830 au-

104 859 176 923 tem,
204 866 236 914 ut
264 859 314 913 illis
343 857 458 913 vicissim
487 857 673 930 epulantibus,
704 859 814 929 lugeant
836 859 895 922 isti,
927 858 1121 915 obtinerinon
1150 879 1169 893 ¹·

104 951 206 1018 potest,
229 943 280 998 nisi
303 943 433 1014 postridie
456 943 594 998 Paschatis
618 943 776 1007 Christiani,
800 944 854 997 sive
876 944 964 1015 primo
987 944 1029 1000 die
1052 947 1123 1018 hay⁴

104 1045 211 1085 morum
240 1028 424 1091 Iudaicorum,
459 1028 684 1100 ieiunatum'per
711 1028 776 1082 illud
809 1037 915 1100 tempus
948 1029 974 1083 in
1004 1029 1121 1085 Ecclesia

106 1115 189 1169 luisse
211 1113 332 1177 velimus.
377 1113 454 1180 Quod
477 1121 518 1167 est
540 1112 720 1167 falsissimum.
767 1112 876 1167 Certum
899 1113 969 1167 onim
993 1124 1034 1168 est
1057 1116 1122 1170 totis

106 1199 157 1254 illis
181 1197 374 1271 quinquaginta
396 1197 499 1259 diebus,
524 1197 569 1269 qui
592 1199 624 1252 ad
644 1198 823 1252 Pentecosten
845 1198 1018 1254 intercedunt
1040 1201 1123 1255 aPa-

105 1284 209 1347 schate,
232 1283 361 1338 ieiunium
384 1282 417 1336 ab
434 1283 550 1338 Ecclesia
574 1299 634 1336 esse
657 1281 802 1338 sublatum.
833 1283 908 1336 Tunc
931 1283 1013 1354 igitur
1034 1284 1125 1339 salum

106 1368 213 1424 evenire
236 1367 301 1422 illud
324 1368 426 1440 patuit,
455 1377 485 1423 ut
518 1366 690 1441 epulantibus
719 1367 822 1422 ludaeis
852 1367 995 1422 Christiani
1018 1369 1123 1423 ieiuna-

71 1500 74 1511 .
106 1462 177 1516 rent,
201 1453 308 1525 quoties
329 1461 393 1507 ante
416 1469 526 1507 vernum
550 1452 755 1525 Aequinoctium
778 1469 792 1506 a
815 1452 918 1507 ludaeis
935 1453 1035 1506 Pascha
1059 1471 1124 1525 per-

105 1546 249 1611 ageretur,
278 1537 339 1610 qoia
367 1537 487 1592 nandum
511 1536 653 1592 Christiani
678 1537 808 1591 ieiunium
831 1536 979 1592 solvebant.
1025 1537 1147 1592 Verum:

106 1623 179 1679 milla
202 1631 256 1677 tam
279 1621 419 1677 enucleata
442 1622 522 1677 huius
545 1630 572 1677 et
594 1621 742 1694 superioris
769 1622 864 1695 eapitis
892 1621 1037 1677 declaratio
1060 1631 1125 1695 pot·

106 1717 149 1764 est
172 1707 325 1780 excogitari,
349 1705 414 1778 quin
436 1707 581 1778 plurimum
604 1707 691 1762 adhuc
714 1705 877 1762 difficultatis
900 1708 1028 1779 supersit.
1058 1708 1123 1776 Quis

106 1791 178 1850 enim
201 1791 426 1846 Pseudadiataxes
449 1792 513 1846 istas
535 1792 608 1847 inter
629 1808 658 1846 se
680 1792 823 1847 conciliare
846 1792 947 1864 possit,
977 1809 1037 1847 rum
1059 1792 1124 1848 alias

105 1878 209 1934 Pascha
231 1876 337 1931 ludaice
365 1876 555 1931 celebrandum
584 1892 644 1931 esse
674 1876 819 1941 deliniunt,
849 1878 968 1950 quamvis
997 1877 1130 1933 alternent·

107 1961 207 2022 ludaei.
231 1960 295 2016 alias
312 1961 415 2038 ludaeis
432 1965 528 2034 hzyma
551 1960 754 2034 peragentibus,
778 1962 885 2017 ieiuniis
901 1979 931 2017 ac
948 1963 1040 2035 vigiliis
1056 1981 1125 2036 ope-

105 2049 159 2104 rari
184 2042 369 2102 Chris'tianos‘l
391 2063 421 2100 ac
445 2047 546 2119 reliqua
570 2047 602 2101 ad
625 2065 686 2102 eum
708 2047 827 2111 modum,
852 2065 921 2120 quae
944 2047 1016 2103 nulla
1039 2049 1125 2102 iuter-

105 2131 224 2207 pretatia
246 2130 279 2185 ah
302 2148 396 2186 errare
418 2141 565 2204 mutuaque
588 2133 762 2188 contentione
784 2133 916 2187 vindicare
941 2142 1039 2204 protest.

195 2218 254 2274 824
272 2215 298 2270 h.
328 2207 399 2291 παρ’
423 2208 496 2290 ἡμῖν
524 2211 558 2271 δὲ
586 2210 621 2271 οὐ
649 2211 717 2288 μία]
763 2217 816 2272 Sex
844 2218 900 2271 dies
931 2216 1130 2282 hebdomadem

106 2303 224 2364 faciunt,
255 2301 429 2356 adnumerata
459 2301 596 2356 Paschatis
625 2301 797 2364 celebritate,
833 2318 901 2372 quae
931 2301 1125 2356 hebdomadem

107 2386 245 2443 terminat.

195 2472 254 2527 824
272 2487 295 2525 c.
326 2456 461 2525 carradeci
484 2471 538 2543 τῆς
559 2462 695 2542 σελήνης]
741 2467 810 2522 llaec
841 2477 881 2522 est
910 2469 1015 2541 glossa,
1046 2485 1125 2541 quam

107 2573 141 2612 ex
168 2555 305 2610 coinmuni
334 2555 467 2608 sententia
499 2555 531 2609 ad
560 2554 710 2625 scripturae
738 2552 826 2607 locum
860 2553 988 2609 adtexuit.
1033 2553 1129 2627 Neque·

108 2641 180 2696 enim
210 2640 300 2694 Lunae
329 2639 462 2711 scriptura
490 2641 542 2694 hoc
571 2639 597 2693 in
626 2638 736 2711 negotio
764 2637 899 2701 meminit,
929 2640 976 2694 sed
1005 2656 1126 2695 inensem

108 2725 238 2781 duntaxat
260 2724 389 2779 nominat.
426 2723 480 2779 Nos
504 2723 537 2778 de
559 2723 719 2778 ludaeorum
742 2739 812 2777 annu
835 2740 916 2794 supra
939 2725 1129 2780 disseruimus.

195 2804 245 2864 καὶ
268 2802 321 2864 ἐὰν
341 2802 398 2879 μὲν
418 2793 457 2882 ἦν
478 2800 801 2883 τεσσαρεσκαιδεκάτη]
832 2807 890 2863 Nan
910 2810 990 2864 tinius
1006 2809 1058 2865 diei
1076 2810 1122 2864 Pa-

108 2894 226 2956 scbatis,
256 2893 304 2949 sed
326 2893 410 2948 totius
433 2893 607 2949 hebdomadis
630 2894 761 2948 rationem
784 2892 867 2948 habet
889 2893 1022 2957 Ecclesia,
1046 2894 1130 2964 quam¹

108 2978 325 3050 saraptanae,
349 2987 395 3033 aut
416 2987 559 3046 sanctam,
583 2987 630 3034 aut
651 2978 763 3033 Pascha
785 2978 864 3033 ctiam
887 2980 1071 3051 appellarunt,
1097 2986 1127 3031 ut

109 3065 143 3120 ad
166 3063 246 3118 linem
270 3063 350 3120 huius
373 3065 463 3135 operis
485 3064 654 3119 adnotamus.
685 3064 712 3119 Si
735 3056 817 3136 igitur
845 3066 878 3118 14
898 3065 970 3117 Ltrna
992 3066 1018 3117 m
1035 3061 1127 3116 leriam

109 3147 257 3205 secundam
287 3147 424 3211 inciderit,
454 3159 501 3221 aut
527 3150 553 3204 in
575 3149 694 3222 reliquos
717 3146 900 3204 hebdomadae
923 3147 979 3201 dics
1002 3146 1034 3200 ad
1058 3145 1128 3200 Sab-

109 3234 204 3289 batum
227 3250 329 3306 usque,
359 3233 505 3288 hebdomas
528 3234 712 3305 Xerophagiae
734 3231 888 3288 celebratur
909 3240 936 3285 et
958 3249 971 3284 a
995 3230 1059 3285 laria
1081 3247 1131 3284 se·

110 3321 199 3375 cunda
228 3319 285 3373 cius
313 3318 418 3372 initium
447 3319 563 3374 ducitur.
609 3318 702 3373 Totam
728 3319 796 3371 hanc
820 3315 1014 3370 hebdomadem
1037 3313 1128 3387 θῦμα

110 3396 281 3479 προβάτου,
303 3403 500 3457 mactationem
522 3404 598 3474 apat,
621 3410 774 3478 nunctrpat,
796 3400 857 3472 quia
880 3400 906 3454 in
929 3409 1059 3472 apparatu
1081 3417 1129 3455 ce-
1219 3415 1223 3423 ’

110 3486 245 3544 lehritatis
274 3497 302 3542 et
330 3486 518 3542 immolationis
548 3488 604 3543 dies
633 3487 737 3558 aliquot
763 3501 778 3538 a
808 3484 910 3540 ludaeis
943 3485 1007 3540 olim
1036 3484 1137 3558 positi.

112 3573 178 3628 Nam
200 3565 294 3645 μέσον
315 3562 435 3646 ἄγεται,
469 3581 499 3627 ut
520 3590 601 3646 supra
624 3571 779 3633 docuimus,
792 3569 870 3625 ⁴nihil
891 3570 1027 3625 aliud‘est
1049 3587 1128 3643 quam

113 3659 281 3722 celebratae,
300 3658 458 3730 perapitrtr:
502 3655 549 3715 Sia
570 3657 634 3713 illud
657 3657 767 3720 loam‘l,
780 3657 816 3712 14
843 3645 905 3730 r’idq
928 3648 962 3710 df*
983 3656 1038 3730 τῆς
1059 3647 1130 3733 ‘⁴⁰9⁶'

927 3750 978 3799 lb*
