2534 4154
486 343 527 393 an
546 342 737 391 auccnaruu.
929 304 936 319 ¹
1060 326 1119 387 341
1202 364 1210 383 .

199 501 256 556 116
272 498 300 554 b.
322 489 423 552 ’Ἰσασι
450 489 561 562 πάντες
587 490 641 552 τὸν
668 491 800 570 δίκαιον]
846 494 883 551 lle
911 496 962 552 liae
992 506 1126 553 terrarum

112 584 184 642 orbis
213 584 238 639 in
262 583 353 655 Noemi
383 581 452 637 filios
481 581 625 654 partitione
654 581 740 637 lusius
770 581 796 636 in
819 579 966 636 Annalibus
989 582 1073 638 saeris
1094 598 1127 637 ae

112 669 299 742 chronologiis
321 667 420 740 agitur.
450 666 524 734 Quae
547 666 654 739 quidem
678 661 796 722 varices
811 667 938 739 losepho,
961 666 1079 723 Eusebio
1095 684 1125 723 ae

110 755 222 827 reliquis
244 753 403 809 instituitur.

199 857 256 912 lto
273 856 300 911 d.
328 850 471 922 Παίονες,
492 845 615 925 Λαζοί]
660 851 786 927 Plerique
814 870 846 909 er
868 854 899 910 iis
922 854 1029 927 populis
1052 850 1125 911 extla

111 939 183 996 Semi
205 949 306 996 sortem
327 940 408 1013 positi
431 939 462 994 ad
485 938 588 1012 iapheti
610 946 714 1011 partem
737 938 866 1002 attinent,
889 939 972 995 veluti
994 940 1124 1005 Paeones

111 1026 156 1098 qui
179 1025 205 1080 iu
228 1026 333 1097 Europa
357 1033 512 1079 censentur.
557 1023 618 1078 Lazi
641 1023 691 1079 etsi
713 1023 739 1077 in
763 1023 824 1078 Asia
846 1023 915 1089 sint,
940 1034 1028 1081 tamen
1051 1032 1125 1082 entra

111 1108 223 1187 κλῆρον
243 1110 315 1165 Semi
337 1109 513 1165 collocantur.
544 1108 614 1163 Sunt
637 1108 707 1163 enim
729 1107 829 1164 Colchi.

194 1190 397 1267 Κοσσεσοῦοι]
428 1193 560 1249 dCossea
576 1192 692 1248 Persidis
715 1194 835 1266 regione,
860 1193 911 1249 nisi
933 1191 1020 1258 fallor,
1043 1211 1146 1268 aqua,

110 1275 271 1348 Κοσσαῖοι,
294 1279 458 1353 Stephanus.
487 1279 565 1350 Apud
587 1277 686 1333 Euseli.
709 1277 810 1351 legitur
832 1274 973 1334 Κοσαῖοι.

195 1360 225 1419 Γ
224 1361 373 1439 ασφηνο1]
404 1363 540 1437 Nusquam
563 1362 630 1418 istos
653 1362 769 1436 reperio,
793 1363 850 1428 sed,
873 1363 920 1437 qui
942 1362 1035 1419 affines
1051 1372 1124 1429 sunt,

110 1448 207 1522 Aspios
230 1448 319 1504 lndiae
341 1449 467 1521 populos.

195 1524 224 1588 oi
245 1529 408 1607 Καιϊανοί]
449 1532 542 1606 Neque
563 1533 631 1588 istos
655 1530 777 1605 expedio.
807 1530 900 1605 Neque
922 1549 985 1588 vero
1008 1533 1126 1590 divinare

111 1618 194 1673 otium
218 1626 268 1672 est.
309 1617 441 1674 Eusebius
465 1618 535 1673 inter
557 1617 623 1672 alios
645 1625 770 1672 recenset
794 1609 996 1694 Odapvatove.
1039 1619 1176 1677 Porrosst't

111 1702 189 1756 Varni
211 1701 365 1758 Bactrianae
381 1702 478 1775 ‘populi
502 1711 566 1757 sunt
588 1702 753 1758 Ptolemaeo.

193 1780 315 1859 Χιόνες]
350 1787 490 1843 Cldouitae
512 1787 601 1843 Persis
624 1787 701 1843 vicini
724 1803 756 1841 ex
777 1787 917 1842 Ammiano
940 1796 1071 1843 notantur
1091 1788 1124 1844 ab

110 1871 226 1926 Ortelio..

196 1976 253 2067 117
271 1989 295 2028 a.
321 1965 453 2044 Ἔνόται]
493 1973 610 2029 Portean
632 1972 719 2037 Enati,
743 1972 785 2028 vel
800 1971 904 2029 -lleneti
926 1973 1125 2048 Paphlagoniae

109 2057 404 2217 popmdlopdvlqrot']
450 2141 583 2199 Cordnlae
611 2152 707 2216 portus
735 2159 835 2200 nomen
864 2152 906 2198 est
933 2145 965 2199 ad
992 2143 1125 2199 Euxinum

109 2243 194 2298 prope
218 2227 381 2282 Culclridcm.

194 2306 311 2381 Βιόνες]
354 2311 424 2367 Nihil
453 2311 560 2384 reperio
588 2312 662 2385 quod
688 2311 721 2366 ad
743 2310 816 2367 liunc
838 2310 928 2367 locum
951 2312 1044 2376 faeiat,
1074 2312 1126 2367 nisi

101 2386 204 2463 Ἴωνες
224 2395 307 2469 legas.

188 2489 378 2571 Ἕλλανικοί]
409 2496 448 2552 dd
471 2514 568 2553 eumne
590 2498 745 2573 pertineant
765 2497 865 2562 locum,
889 2515 969 2571 quem
987 2489 1126 2572 Ἕλληνι-

109 2576 164 2639 κὸν
183 2582 210 2637 in
234 2582 383 2655 llempliide
407 2581 456 2638 dici
479 2590 596 2638 testatur
617 2584 781 2656 Stephanus,
805 2582 919 2656 amplius
942 2583 1095 2638 videntium.

196 2670 252 2724 117
270 2666 298 2722 n.
327 2663 500 2737 Λεπτῖται,
522 2664 703 2744 Μαγνῆται]
746 2668 809 2724 Vide
832 2685 900 2742 quae
922 2669 955 2725 ad
977 2668 1057 2724 Haec.
1075 2670 1124 2733 66,

111 2753 149 2809 84
173 2752 242 2808 dieta
264 2759 338 2807 sunt.

193 2825 571 2913 Kovpuoedulorrddovou]
612 2836 670 2892 Duo
693 2837 720 2893 in
743 2854 827 2894 unum
849 2837 964 2894 eonllata
987 2847 1051 2893 sunt
1073 2854 1127 2895 no-

109 2921 188 2977 mina.
219 2921 283 2977 Vide
307 2920 390 2977 0rtel.

193 3016 352 3099 Σαρὸανή]
382 3022 519 3095 Nusquam
541 3022 657 3079 invenio.
687 3025 725 3079 de
747 3024 838 3080 nescio
861 3041 894 3078 an
911 3023 1059 3078 Sardiniam
1080 3023 1125 3079 iu-

110 3107 221 3180 telligat,
246 3124 325 3179 quam
350 3108 376 3163 in
401 3116 475 3163 sorte
498 3107 600 3179 laplreti
623 3108 771 3180 praeteriit.

200 3194 254 3248 117
273 3208 296 3247 e.
327 3187 497 3268 Γαργανοί]
519 3193 614 3248 Utrum
630 3193 728 3266 Georgi
744 3193 798 3248 sint
814 3193 950 3248 Sarmatae
965 3192 1035 3248 cirea
1050 3192 1125 3248 Pon·-

110 3284 166 3330 tum
189 3275 331 3341 Euxinum,
357 3294 371 3331 a
395 3277 493 3350 quilius
516 3277 657 3350 Georgiani
681 3276 761 3333 hodie
784 3277 853 3333 llreri
875 3277 1057 3342 nominantur,
1081 3277 1125 3332 iu-

111 3360 200 3416 dicent
221 3360 311 3435 periti.

185 3452 318 3539 Ἄρρεοι]
362 3463 513 3519 Arrhenem
544 3463 652 3519 maioris
680 3464 821 3520 Armeniae
854 3463 993 3536 regionem
1021 3463 1124 3521 Plinius

110 3557 312 3604 commemorat.
343 3548 413 3604 Sunt
435 3556 462 3604 et
476 3538 620 3627 ’Άρρηλοι
643 3549 781 3623 Stephano
804 3567 835 3605 ex
856 3548 990 3605 Strabone
1013 3549 1125 3606 llaeoti-

109 3633 150 3690 dis
171 3633 288 3691 accolae.
