2534 4154
156 302 221 372 tao·
608 319 721 369 curcur
812 325 815 331 ·

154 480 211 554 τῆς
236 469 338 551 ὀχείας
359 467 390 531 αἶ
411 473 488 548 βοῦς
508 468 576 551 περὶ
598 467 652 532 τὸν
676 467 880 550 Θαργηλιῶνα
900 473 983 547 μῆνα
1004 466 1056 528 καὶ
1078 467 1177 554 Σκιρ-

156 561 341 642 ροφοριῶνα.
384 559 468 617 ΜαΙῑο
484 560 594 633 magis,
624 576 685 615 cum
713 567 853 632 praeterea
881 567 986 614 certum
1014 567 1124 632 tempus
1146 566 1178 617 et

155 647 292 705 cardinem
320 645 456 718 adiungit,
484 653 516 700 ut
542 639 609 720 περὶ
632 638 749 720 τροπὰς
770 653 798 700 et
818 638 886 719 περὶ
908 636 962 699 τὸν
976 636 1177 720 Ἀρκτοῦρον.

156 733 223 788 lum
245 731 317 788 enim
338 731 496 805 προσεχεῖς
515 729 554 785 illi
575 746 683 784 menses
698 728 815 784 habendi
829 736 903 783 sunt.
934 729 1079 784 Praeterea
1096 730 1175 795 &12

105 816 250 874 137seribit
277 815 347 871 idern
368 813 529 870 Aristoteles
557 813 731 869 imbecilliora
761 830 885 888 quaeque
914 823 968 869 tam
997 813 1024 869 iu
1046 814 1177 886 piscium,

156 918 236 974 quam
264 900 292 956 iu
320 900 407 955 avium
429 915 530 971 genere
552 907 698 972 appetente
720 898 820 971 frigore
841 898 917 972 prius
939 899 967 954 in
990 898 1178 956 commodiora

153 985 214 1043 loca
235 985 360 1058 migrare,
383 992 414 1039 ut
435 984 590 1040 coturnices
612 992 674 1039 ante
697 1000 776 1055 quam
799 1000 890 1056 grues.
920 977 960 1039 τὰ
974 977 1104 1060 μὲνγὰρ
1118 1000 1181 1057 μοι

154 1063 301 1142 ταβάλλιι
329 1069 384 1126 τοῦ
406 1063 656 1145 Βοηδρομιῶνος,
684 1058 724 1123 τὰ
745 1062 779 1123 δι’
801 1069 857 1124 τοῦ
878 1064 1181 1142 Μαιμακτηριῶνος.

155 1157 190 1210 ht
217 1171 281 1212 vero
303 1170 385 1228 grues
406 1170 500 1209 mense
523 1153 645 1226 proximo
668 1153 700 1208 ab
724 1170 773 1217 eo,
801 1161 857 1225 quo
880 1153 1034 1209 coturnices
1056 1153 1183 1218 avolant·

154 1240 271 1313 migrare
294 1239 438 1295 cernimus.
469 1238 517 1294 Est
539 1238 622 1311 igitur
643 1238 849 1294 hlaemacterion
868 1237 1058 1294 Bnedrorniooi
1079 1238 1180 1312 proxi·

153 1342 224 1380 mus.
268 1324 409 1380 Postremo
438 1323 692 1379 idemllristoteles
715 1325 742 1388 6,
757 1326 789 1379 ll
822 1322 916 1378 scribit
944 1323 1016 1379 inter
1036 1315 1179 1397 γαλεούς,

154 1427 223 1482 quos
251 1409 384 1466 mustelos
407 1408 476 1464 Gaza
498 1417 589 1472 vocat,
621 1426 683 1463 eum
705 1408 752 1483 qui
775 1400 918 1484 ἀστερίας
939 1408 1052 1472 dicitur,
1082 1399 1179 1486 ἄρχε-

153 1492 231 1551 σθαι
254 1487 416 1568 ὀχεύεσθαι
438 1489 724 1567 Μαιμακτηριῶνος
746 1485 852 1567 μηνός.
896 1491 975 1561 Quod
996 1493 1087 1548 statim
1111 1501 1181 1566 post

153 1579 360 1652 Aequinoctium
389 1577 548 1651 contingere
576 1578 726 1650 piscatores
757 1586 901 1633 testantur.
946 1579 1001 1632 lam
1034 1577 1108 1651 quod
1141 1577 1177 1634 atl

152 1664 328 1720 Plutarchum
351 1671 470 1735 spectat,
498 1663 544 1734 qui
567 1680 628 1718 eum
650 1663 846 1719 Boedromione
868 1662 1082 1736 Pyanepsionem
1105 1680 1179 1719 con-

153 1749 249 1813 tinuat,
273 1756 346 1804 errat
367 1747 489 1820 prolecto
513 1747 642 1820 Scaliger.
673 1748 744 1803 Plut.
762 1747 833 1804 enim
847 1749 940 1820 paucis
955 1746 1096 1803 mensibus
1111 1750 1181 1821 po'st

152 1833 270 1889 reditum
298 1833 325 1887 in
351 1831 463 1905 patriam
485 1832 581 1889 vixisse
605 1832 723 1888 Demost.
747 1831 849 1889 scribit.
894 1832 959 1887 Nam
981 1832 1180 1905 bletagitnione

152 1933 247 1972 mense
268 1916 400 1990 praelium
423 1917 456 1972 ad
472 1915 622 1972 Cranonem
648 1918 770 1990 contigit,
795 1917 991 1974 Bnedromione
1013 1935 1078 1993 vero
1093 1935 1181 1990 prae-

153 2001 251 2056 sidium
278 2001 306 2056 in
327 1999 496 2073 Munychiam
524 2001 724 2066 introductum,
754 2002 940 2075 Pyanepsione
969 2003 1077 2057 demum
1107 2002 1179 2060 obiit

152 2085 360 2141 Demosthenes.
403 2085 463 2141 Non
491 2085 555 2141 dicit
582 2086 708 2160 sequenti
736 2096 800 2159 post
826 2086 1049 2143 Bnedromionem
1079 2104 1178 2144 mense

152 2178 291 2226 mortuum
314 2186 390 2227 esse:
426 2170 517 2244 potuit
537 2170 622 2244 igitur
642 2171 747 2227 medius
770 2171 933 2228 intervenire
955 2172 1178 2231 llaemacterion.

152 2255 224 2311 ldem
254 2255 336 2312 etde
359 2254 470 2312 Diodori
490 2255 552 2312 loco
573 2256 703 2312 iudicium
726 2273 786 2313 esse
809 2257 905 2323 debet,
934 2258 981 2330 qui
1003 2257 1040 2312 ita
1063 2257 1178 2314 scribit:

153 2333 213 2396 ἀπὸ
235 2334 332 2414 μηνὸς
353 2330 388 2397 ὃν
402 2338 548 2397 καλοῦσιν
556 2333 717 2415 Ἀθηναῖοι
732 2339 1006 2418 Μαιμακτηριῶνα
1020 2342 1083 2398 τῶν
1097 2332 1181 2399 ἔπτὰ

151 2424 214 2482 τῶν
235 2419 314 2482 κατὰ
334 2418 391 2500 τὴν
412 2416 525 2505 ιἰίρκτον
546 2419 683 2505 ἀστέρων
709 2419 821 2483 οὐδένα
842 2422 938 2504 φασὶν
959 2418 1096 2504 ὁρᾶσθαι
1117 2421 1179 2499 μέ-

146 2528 199 2587 χρι
226 2511 281 2584 τῆς
306 2503 430 2587 πρώτης
458 2509 613 2590 φυλακῆς,
642 2513 686 2590 τηῦ
715 2504 748 2568 δὲ
770 2505 958 2567 Ποσειδεῶνι
989 2505 1079 2588 μέχρι
1102 2507 1178 2568 ‹l'au-

149 2589 249 2672 τέρας.
292 2594 352 2650 Non
380 2597 452 2651 enim
481 2598 610 2653 continuo
632 2605 696 2670 post
717 2597 969 2652 Maemacterionem
992 2597 1178 2655 Posideoneut

151 2679 228 2750 sequi
251 2678 378 2743 declarat,
401 2697 464 2736 cum
487 2689 515 2735 et
536 2681 617 2737 verba
639 2682 706 2745 ista,
731 2674 791 2738 ἀπὸ
813 2679 1115 2759 Μαιμακτηριῶνος,
1141 2684 1181 2740 (le

150 2779 245 2818 mense
267 2779 322 2818 non
345 2761 471 2820 absoluto
494 2766 601 2837 possint
623 2766 715 2838 accipi,
740 2768 784 2822 cui
806 2767 842 2822 sit
863 2767 1002 2840 proximus
1018 2767 1095 2833 alter,
1120 2768 1178 2825 hoc

152 2856 195 2903 est
215 2846 375 2921 Pyanepsio.
399 2849 445 2905 lta
466 2847 575 2905 demum
598 2867 642 2905 res
666 2866 698 2905 eo
721 2850 862 2923 redigitur,
887 2861 918 2907 nt
940 2860 1050 2925 praeter
1064 2852 1180 2925 Harpo-

151 2931 299 2988 crationem
328 2933 480 2989 sententiae
508 2950 573 2989 suae
602 2934 733 2990 vindicem
761 2934 860 2991 haheat
881 2937 1027 2993 neminem.
1072 2937 1181 2995 Scribit,

151 3017 223 3075 enim
244 3017 272 3072 in
290 3017 386 3073 herico
402 3017 655 3074 Maemacterionem
677 3012 814 3092 πέμπτον
836 3009 910 3076 εἶναι
932 3023 1024 3095 μῆνα.
1055 3021 1109 3078 Sed
1131 3021 1181 3079 rel

149 3095 294 3180 τέταρτος
313 3119 364 3176 pro
386 3096 522 3176 πέμπτος
542 3104 756 3170 rescribendum,
779 3105 823 3160 vel
843 3105 868 3161 si
889 3106 956 3161 nihil
972 3108 1016 3163 hic
1031 3125 1046 3163 a
1061 3106 1179 3164 librario
1214 3114 1217 3120 '

148 3196 291 3260 peccatum
313 3196 364 3253 est,
387 3204 442 3243 non
465 3187 577 3243 dubium
600 3198 642 3246 est
663 3189 728 3262 quin
750 3189 836 3263 pluris
858 3191 930 3264 apud
952 3209 1003 3248 nos
1018 3192 1181 3249 Aristotelis

151 3281 178 3328 et
199 3272 337 3329 Plutarchi
359 3289 440 3345 quam
463 3273 632 3330 Grammatici
654 3275 735 3330 unius
757 3276 908 3332 authoritas
932 3294 992 3334 esse
1016 3277 1123 3333 debeat.

234 3358 364 3431 Sequitur
391 3357 515 3414 immanis
538 3358 667 3433 Scaligeri
697 3368 808 3433 stupor,
839 3361 902 3417 dum
925 3362 1106 3419 Positleonem
1135 3362 1177 3418 ita

151 3457 212 3496 cum
239 3443 363 3499 Ianuario
391 3452 543 3517 comparat,
574 3455 605 3501 ut
632 3453 695 3517 post
724 3443 847 3501 brumam
869 3447 994 3520 incipiat,
1025 3465 1080 3521 quo
1104 3447 1174 3503 nihil

150 3524 252 3603 falsius.
292 3527 453 3585 Aristoteles
470 3532 497 3593 5,
516 3532 533 3585 9
557 3528 590 3585 de
615 3529 761 3602 thynoitle,
791 3524 855 3588 ἔστι
878 3525 912 3588 δὲ
934 3524 949 3589 ὃ
971 3525 1029 3606 μὲν
1048 3533 1179 3609 πρῶτος

149 3601 239 3677 τόκος
258 3607 326 3689 περὶ
348 3607 402 3669 τὸν
423 3608 623 3671 Ποσειδεῶνα
644 3607 704 3692 πρὸ
726 3618 858 3700 τροπῶν.
888 3618 1094 3692 Theophrastus
1114 3621 1171 3682 'hl
