2534 4154
66 76 143 151 Nl

175 256 275 339 Nestou
295 266 434 339 Lampsaci
459 276 659 333 convenerunt,
687 267 879 325 Valentiniano
895 276 924 325 et
942 266 1055 327 Ualente
1077 270 1130 325 im-

204 350 269 417 llrus
292 351 376 407 fuisso
391 343 556 425 δμοουοίοο
572 362 799 427 propugnatores.
828 353 985 428 legendum
1000 356 1131 411 cst'euim

229 432 293 491 ”loa
322 427 498 509 ὃμοιούσιον
530 440 574 516 τῷ
600 434 694 512 πατρὶ
721 429 776 493 τὸν
801 429 870 495 οἷὸν
896 432 992 514 λέγειν
1015 430 1131 514 ἠξίουν.

276 539 330 577 non
354 522 497 576 Sozorneni
520 539 605 587 error,
629 523 677 577 secl
699 523 809 578 librarii.

296 648 302 661 .
333 599 511 672 Εὐστάίίιος
529 599 710 674 Ἐπίσκοπος
723 599 913 684 Ἐπιφονίας]
946 608 1033 664 Serib.
1044 601 1132 664 Ἔπι-

315 709 351 746 uo
386 692 496 747 nornine
533 693 687 764 complures
721 703 878 748 censentur.
921 693 969 749 Est
997 696 1068 749 cuim
1097 694 1131 749 ad

349 777 433 832 altera
455 778 488 831 ad
510 777 682 850 Euphraten,
705 777 756 832 alia
779 778 807 832 iu
828 777 932 842 Cilicia,
957 787 987 834 ut
1010 779 1043 834 ale
1065 779 1133 834 reli-

467 111 758 163 rnrnuovrusrones.
1062 102 1127 165 26¹.)

265 963 344 1014 οςιος
361 939 553 1017 Ἐπίσκοπος]
585 946 644 1000 Non
667 947 748 1001 alium
770 946 868 1018 opinor
895 963 955 1001 esse
978 964 1058 1020 quarn
1074 951 1132 1003 tlu-

206 1048 277 1086 aunr.
320 1032 368 1086 llic
391 1032 461 1085 eninr
485 1032 655 1086 coniunctam
678 1048 739 1086 curn
761 1032 857 1086 leucio
879 1047 1002 1086 caussam
1025 1032 1133 1097 habuit,-

137 1135 173 1171 an
203 1134 290 1188 coquo
319 1117 345 1170 in
370 1116 534 1171 Scleuciensi
564 1125 699 1171 conventu
727 1133 742 1170 a
765 1115 934 1170 Serniarianis
958 1116 984 1171 in
1007 1117 1131 1172 ordinem

103 1203 246 1264 reductus,
269 1202 385 1256 uicissim
408 1202 468 1256 illos
490 1202 517 1256 in
541 1201 838 1273 Constantinopolitano
862 1199 980 1256 Concilio
1003 1201 1129 1273 perculit.

105 1287 165 1343 Setl
187 1286 211 1341 si
233 1288 255 1340 is
279 1295 328 1349 ost,
352 1288 450 1340 mirum
472 1287 562 1350 valde,
586 1285 722 1358 quornotlo
745 1302 798 1340 non
821 1294 886 1358 post
908 1285 1053 1358 Georgium
1076 1286 1133 1341 sal-

107 1382 165 1428 tent
189 1370 395 1426 Alexandrinum
419 1371 626 1443 subscripserit,
656 1371 703 1443 qui
726 1371 819 1442 utiquo
841 1380 904 1426 ante
928 1370 1078 1426 Orientales
1100 1375 1181 1427 et327

107 1458 195 1531 Syros
217 1456 365 1529 Episcopus
387 1457 566 1511 nominandus
589 1456 647 1510 luit.

199 1543 257 1598 874
275 1558 298 1596 ο.
328 1535 527 1616 Παγκράῑιος
539 1532 720 1605 Ἐπίσκοπος
734 1534 927 1613 Πηλουσίου]
954 1540 1005 1608 Qui
1029 1549 1057 1596 ct
1072 1540 1133 1596 Sir-

108 1627 207 1682 miensi
230 1626 324 1681 tertiae
347 1626 513 1681 Prolessioui
535 1643 596 1680 cum
618 1625 722 1691 Marco,
750 1625 848 1680 Basilio
873 1642 903 1680 ac
926 1626 1040 1682 caeteris
1063 1625 1133 1681 suh·

109 1712 267 1784 scripserat.

198 1798 258 1852 875
274 1813 298 1850 a.
329 1788 358 1849 ot
379 1798 527 1868 νοονεχεῖς
547 1788 672 1871 ταύτην]
702 1796 796 1851 Variae
818 1804 882 1851 suut
904 1795 937 1851 ab
959 1796 1064 1851 Arianis
1088 1796 1132 1850 di-

110 1882 197 1938 vcrsis
212 1880 380 1953 temporibus
397 1880 483 1935 editae
498 1882 681 1954 professiones
698 1880 768 1944 fidoi,
782 1896 896 1953 quarum
913 1898 1008 1936 novem
1021 1881 1131 1936 omnino

111 1967 144 2022 atl
168 1966 496 2038 Constantinopolitanunr
526 1984 614 2038 usque
637 1965 864 2030 Couoiliabulunr,
895 1965 969 2036 quotl
998 1965 1134 2020 aSeleu-

111 2051 196 2107 eiensi
217 2052 339 2123 proxime
361 2060 403 2105 est
426 2051 556 2115 habitum,
580 2059 704 2106 recenset
727 2051 867 2113 Socrates,
891 2049 939 2103 sed
962 2058 989 2104 et
1011 2050 1133 2104 Athana·
1183 2102 1186 2107 .

111 2137 169 2192 sius
191 2137 238 2191 lib.
255 2136 288 2190 rlo
304 2136 404 2208 Spnotl.
429 2153 460 2189 cx
483 2152 537 2206 quo
561 2143 650 2190 tamen
673 2135 766 2189 decem
786 2134 960 2206 colliguntur.
989 2133 1063 2209 =Quas
1078 2134 1132 2189 hue

110 2221 172 2277 loco
196 2222 323 2292 attingam
346 2220 473 2275 breviter.

146 2334 149 2339 ·
197 2304 284 2361 l’rlma
306 2305 368 2360 fidei
391 2299 511 2370 ἕκθεσις
532 2303 690 2359 Antiochiae
705 2303 902 2357 Encaeniorum
925 2310 1048 2374 tempore
1063 2301 1134 2357 soria

111 2399 158 2464 pta
180 2391 332 2446 llurccllino
356 2399 384 2445 et
405 2389 523 2444 Probino
547 2389 622 2443 Coss.
646 2391 677 2443 Α.
696 2391 765 2452 341,
784 2387 831 2442 ubi
853 2387 886 2442 tle
909 2380 998 2466 οὐσίᾳ
1019 2386 1132 2443 verbum

112 2476 226 2531 nullurn.
271 2475 394 2530 Secunda
422 2477 449 2529 in
475 2474 570 2529 eodem
594 2473 772 2529 conciliabulo
796 2473 882 2537 edita,
911 2472 992 2545 paulo
1015 2472 1132 2545 longior,

112 2559 160 2615 ubi
182 2560 278 2616 Filium
299 2561 447 2634 μονογενῆ
468 2553 545 2615 θεὸν
566 2576 596 2614 ac
618 2559 673 2632 τῆς
694 2551 800 2624 οὐσίας
821 2551 924 2615 εἰκόνα
945 2559 1129 2614 nominarunt.

113 2645 204 2701 'l'ertia
225 2645 324 2700 ihitlcm
346 2663 361 2700 a
380 2646 572 2718 Tlrooplrronio
596 2644 757 2716 conscripta,
782 2661 851 2716 quae
874 2652 901 2700 et
923 2636 1030 2708 οὐσίας
1051 2659 1134 2698 voca·

112 2729 207 2785 bulum
237 2731 389 2803 supprimit.
435 2731 534 2799 Quarta
559 2747 661 2802 pancos
683 2738 746 2802 post
767 2745 875 2784 menses
897 2746 947 2801 per
967 2728 1130 2789 Narcissum,

113 2814 215 2879 llarim,
240 2816 360 2888 aliosque
382 2816 409 2871 in
426 2817 521 2872 Callias
545 2816 577 2870 ml
593 2816 767 2870 Constantem
783 2816 873 2868 missa.
904 2815 933 2867 ln
950 2812 1000 2868 lrao
1015 2810 1132 2867 damnati

114 2901 160 2972 qui
191 2900 311 2956 dicerent
339 2897 371 2967 ἐξ
393 2893 448 2956 οὐκ
469 2891 566 2957 ὄντων
586 2892 642 2955 τὸν
661 2892 744 2968 οἷὸν,
774 2892 791 2972 ἢ
816 2895 847 2964 ἐξ
869 2888 974 2972 ἑτέρας
994 2887 1132 2951 ὐποστοί-

112 3001 190 3050 σεως
218 2980 268 3039 καὶ
295 2979 339 3059 μὴ
369 2981 400 3040 ἐκ
426 2987 482 3043 τοῦ
509 2984 587 3041 θεοῦ
614 2978 773 3060 γενέσθαι,
802 2992 849 3037 aut
878 2982 960 3036 luisse
988 2979 1131 3051 aliquando

112 3078 221 3143 ternpus
245 3087 305 3125 curn
328 3088 382 3125 non
407 3081 488 3127 esset.
530 3070 627 3139 Quinta
650 3078 712 3142 post
730 3067 875 3122 triennium
892 3067 918 3120 in
934 3064 1035 3120 ltaliam
1050 3065 1133 3119 missa

110 3148 328 3231 μακούστιχος,
350 3157 403 3210 hoc
425 3166 468 3211 est
489 3157 597 3229 longior
618 3153 760 3226 appellata.
797 3152 882 3219 Quam
905 3151 1013 3231 quitlenr
1035 3149 1135 3205 Antio-

112 3240 190 3296 chiae
212 3249 365 3296 contextam
386 3241 414 3296 in
430 3241 577 3296 Annalibus
601 3238 717 3311 reperio.
748 3237 803 3291 Sed
824 3238 878 3292 hoc
899 3252 989 3308 neque
1005 3235 1132 3291 Socrates

109 3340 142 3380 ac
164 3326 343 3392 Sozomenus,
367 3342 456 3399 neque
478 3325 639 3380 Athanasius
661 3322 793 3376 referunt.
824 3322 853 3376 ln
877 3320 1005 3395 οοο-τῆς
1027 3311 1134 3386 οὐσίας

109 3411 213 3468 mentio
236 3411 319 3467 nulla.
350 3412 430 3468 Sexta
451 3412 479 3467 in
496 3409 614 3465 Concilio
631 3406 770 3464 Sirmiensi
788 3415 882 3463 eontra
898 3405 1044 3470 Plrotinum
1060 3404 1134 3462 edite
