2534 4154
106 311 126 370 4
562 319 678 370 nerant

105 481 207 539 dudum
230 478 344 541 animus,
368 475 487 532 omnium
503 472 668 540 Haereseon,
692 475 810 548 quaein
833 476 884 530 boc
901 474 989 547 Opere
1004 492 1119 532 comme

105 585 261 640 morantur,
290 567 329 630 coi
352 561 554 650 ἱστορούμενα
576 572 707 646 primum,
738 572 834 629 deinde
857 572 998 645 opiniones
1022 589 1052 628 ac
1075 574 1120 630 do·
1141 628 1164 647 ,

104 684 195 751 gmata
218 671 307 729 omnia
329 678 452 743 separato
468 668 560 725 libello
575 670 713 744 persequi,
737 679 840 726 etcum
856 668 897 733 iis,
921 683 990 742 iprae
1005 669 1164 743 EpipbaN

105 773 167 828 nius
189 766 356 844 perscripsit,
381 783 451 841 qnae
474 765 506 821 ab
530 765 587 821 aliis
610 774 675 821 suut
689 767 814 823 Patribus
830 765 959 839 exposita,
983 767 1136 823 conferre:

105 871 154 926 sed
176 868 209 925 ab
233 884 265 923 eo
288 863 400 921 consilio
423 864 544 920 revocavi
567 863 625 936 ipse
649 881 706 928 me,
738 865 894 939 quodcum
917 863 982 918 mibi
1002 863 1136 926 laborem

106 965 259 1022 iamdudum
283 962 395 1018 aliorum
418 961 549 1017 industria
573 959 749 1017 sublevasset.
776 961 881 1018 Etenim
896 970 1132 1034 praeterveteres

105 1063 176 1127 illos,
200 1062 348 1124 Irenaeum,
372 1059 562 1131 Augustiuum,
586 1057 769 1123 Philastrinm,
793 1057 996 1123 Damascenum,
1015 1057 1126 1115 Tertul-

105 1161 216 1223 lianum,
236 1157 400 1214 Clementem
416 1155 633 1218 Alexandrinum,
652 1155 859 1228 Hieronymum
883 1171 913 1209 ac
929 1164 1061 1219 caeteros,
1078 1157 1125 1228 qui

107 1266 154 1314 aut
182 1256 214 1313 de
237 1254 401 1311 Haerosibus
422 1252 581 1311 nominatim
603 1252 787 1326 scripserunt,
815 1261 977 1309 ontearum
999 1232 1027 1307 in
1048 1251 1125 1308 libris

107 1357 164 1413 suis
186 1363 334 1425 utcumque
356 1350 552 1418 meminerunt;
575 1349 742 1406 recentiores
765 1350 867 1423 aliquot
889 1349 984 1405 eodem
1000 1349 1028 1404 iu
1043 1365 1126 1422 argo·

107 1460 200 1511 mento
224 1465 327 1507 summu
350 1465 411 1505 cum
432 1444 512 1504 laude
534 1455 655 1521 versatos
677 1446 866 1514 memineram
889 1446 1019 1519 imprimis
1035 1453 1125 1503 antem

108 1548 259 1608 Gabrielem
282 1545 445 1609 Prateolnm,
469 1552 550 1617 atque
572 1544 784 1601 illustrissimum
805 1561 965 1618 magnorum
982 1541 1124 1598 Annalium

108 1648 286 1706 conditorem.
310 1644 430 1712 Quorum
454 1640 497 1696 illo
513 1640 668 1698 Haereseou
683 1641 803 1698 omnium
817 1640 1062 1698 luculentissimum
1078 1655 1125 1695 ca-

109 1747 228 1818 talogum
250 1741 358 1796 literato
381 1739 475 1795 ordine
498 1739 651 1805 contenuit,
675 1739 718 1796 hic
740 1740 768 1795 in
789 1737 937 1795 Annalibus
960 1755 1009 1794 suo
1028 1753 1126 1810 quant·

108 1860 162 1916 que
190 1832 313 1912 temporc'
340 1837 525 1910 consignatam
552 1835 675 1909 reliquit:
704 1845 821 1912 uterque
849 1853 904 1892 uno
927 1836 954 1890 in
976 1844 1126 1908 conspectu

108 1955 177 2011 quae
200 1935 272 2009 apud
293 1935 404 1990 Veteres
426 1932 486 1988 illos
510 1932 631 2006 dispersa
664 1943 741 1991 erant
769 1951 800 1990 ac
822 1933 950 2006 dissipata
971 1932 1124 2005 proposuit.

109 2034 164 2090 Hac
185 2031 268 2106 igitur
289 2048 354 2087 cura
376 2039 404 2087 et
426 2029 589 2103 cogitatione
612 2029 727 2095 solutus,
753 2031 828 2086 bunc
850 2048 934 2087 unum
957 2030 988 2086 ad
1012 2044 1125 2102 scopum

109 2129 307 2190 commentandi
328 2126 449 2183 laborem
470 2125 554 2184 istum
576 2127 729 2196 conleram;
752 2129 851 2201 utqui
873 2128 966 2185 Latine
988 2128 1049 2191 iam,
1073 2126 1125 2182 boc

109 2236 152 2284 est
172 2225 270 2291 miuus,
294 2234 325 2282 ut
347 2241 437 2300 spero,
460 2223 574 2282 barbare
597 2224 687 2281 studio
702 2235 797 2285 nostro
812 2226 934 2300 loquitur
948 2224 1124 2300 Epiphanius,

108 2326 179 2381 idem
201 2322 276 2379 Notis
298 2324 357 2380 istis
380 2331 408 2379 et
429 2322 711 2380 Animadversionibus
733 2341 786 2404 qna
808 2324 964 2398 castigatus,
988 2339 1040 2398 qna
1062 2321 1126 2378 illu-

108 2422 191 2479 strior
212 2420 308 2486 lactus,
332 2420 447 2477 dilucide
471 2430 551 2496 atque
574 2421 757 2496 intelligenter
778 2421 804 2478 id
822 2422 909 2488 laciat,
934 2421 1007 2479 omni
1022 2421 1124 2479 obscu-

108 2519 187 2575 ritate
209 2518 325 2574 detersa.
