2534 4154
467 324 756 376 nurunovnnuouns.
1061 310 1118 375 281

108 482 183 548 deat,
208 489 264 537 tum
286 481 322 537 ita
344 479 481 537 conciliari
502 480 553 536 ista
574 487 721 553 poterunt,
744 489 775 535 ut
796 479 947 535 Messaliani
969 482 1124 554 superiores
1159 536 1162 543 ,

108 565 266 631 Constantii,
289 565 455 639 posteriores
470 563 647 621 Valentiniani
670 561 838 638 temporibus
860 572 951 620 ortum
969 564 1123 624 habuerint.

192 649 324 724 Iosephus
346 648 466 723 Scaliger
487 648 598 706 Elcochi
620 666 644 705 c.
662 650 701 707 28
729 648 902 705 llassabauos
923 648 1046 706 Easoeoa
1074 668 1125 724 ap-

107 735 222 811 pellatos
245 752 305 791 esse
327 743 406 808 putat
428 743 455 791 et
477 732 511 789 ab
532 733 566 790 iis
587 733 808 790 llassalianorurn
831 743 1006 808 propagatam
1021 734 1124 791 Haere-

107 821 158 876 ιλιι.
188 820 254 875 Nam
276 819 371 875 Esseni
391 811 488 886 ,ἱκέται
511 819 583 892 apud
605 818 746 875 Philonem
769 827 797 874 et
811 817 957 874 Eusebium
980 820 1124 877 nominan-

107 915 161 961 tur.
205 906 239 961 ht
259 901 368 981 ambazia
390 903 497 960 ludaicc
520 913 562 958 est
583 895 698 977 ἱκέτης,
721 893 850 978 εὖχίτης,
872 897 1123 981 προσευχόμενος.

107 989 295 1046 Coniecturam
323 987 467 1045 adstruunt
497 986 626 1060 pleraque
654 986 873 1046 Massaliauorum
905 988 1029 1047 instituta
1061 1007 1123 1047 eum

106 1072 215 1130 Essenis
237 1073 405 1138 commonia,
429 1081 460 1128 ut
481 1081 592 1146 praeter
612 1071 798 1128 assiduitatem
819 1072 928 1138 orandi,
951 1073 1124 1132 Prosencha-

106 1176 167 1215 runi
189 1175 255 1214 usus
278 1165 305 1214 et
326 1157 354 1215 iu
376 1175 422 1215 eas
445 1157 507 1214 stati
529 1164 688 1214 conventus.
714 1156 782 1213 'l'um
805 1147 963 1234 ἀντίφωνα
984 1167 1013 1216 et
1034 1149 1122 1238 pidet.

105 1242 231 1307 Accedit,
255 1242 328 1317 quod
349 1240 515 1307 blessaliani,
544 1249 576 1298 ut
597 1249 624 1298 et
645 1241 754 1306 lissaei,
782 1241 839 1298 suis
862 1258 891 1298 se
913 1240 993 1298 bonis
1014 1243 1124 1299 abdica-

105 1327 180 1384 bant.
225 1327 310 1400 lgitur
339 1326 436 1400 parb'm
462 1325 576 1382 Iudaeos
605 1325 688 1383 luisse
716 1326 827 1391 statuit,
857 1326 929 1399 quod
958 1325 992 1383 ab
1013 1327 1122 1384 llssenis

106 1412 227 1477 oriundi,
257 1411 354 1484 partim
383 1411 455 1484 quod
483 1410 731 1490 Pseudochristiani
764 1427 794 1466 se
826 1409 878 1466 illis
905 1410 1121 1477 admiscuissent‚

105 1506 187 1570 negat
209 1495 301 1552 luisse.
332 1495 397 1552 Nam
420 1496 491 1551 inter
512 1504 618 1552 caetera
639 1494 755 1552 mendici
777 1504 863 1560 crant,
887 1495 980 1569 quales
1002 1497 1058 1552 veri
1076 1497 1124 1552 lu·
1157 1485 1161 1492 ’

105 1581 164 1638 daei
192 1598 248 1636 non
271 1589 363 1646 erant,
392 1588 506 1654 propter
526 1574 561 1636 τὸ
585 1573 772 1657 φιλάλληλον
794 1597 904 1646 eorum,
933 1580 1005 1654 quod
1029 1581 1123 1638 divites

105 1683 160 1722 non
182 1665 322 1739 patiuntur
344 1665 482 1722 tenuiores
505 1664 667 1730 mendicare,
690 1673 737 1722 aut
759 1665 872 1722 esurire.
899 1664 970 1745 llaec
993 1665 1121 1740 Scaliger,

105 1767 175 1824 quac
203 1750 362 1806 aSerrario
390 1758 485 1806 nostro
513 1750 539 1806 in
563 1749 699 1806 lliriervali
727 1750 824 1806 merito
847 1749 1031 1807 conlocantur.
1074 1750 1124 1807 Est
1172 1789 1179 1803 .

105 1836 177 1891 enim
199 1834 366 1891 laliacissima
389 1834 505 1892 nominis
532 1834 697 1900 coniectura,
721 1842 826 1891 caetera
841 1851 905 1890 vero
920 1835 1019 1893 leuiora
1042 1853 1122 1909 quam

105 1929 136 1975 ut
158 1936 208 1975 nos
230 1918 263 1976 ab
285 1919 426 1993 Epiphanii
448 1919 613 1977 authoritate
635 1919 796 1976 dimoveant.
832 1918 887 1976 Sed
907 1919 974 1976 illud
995 1938 1061 1981 saue
1083 1921 1123 1979 ni·

105 2004 232 2069 diculum,
256 2004 329 2079 quod
351 2004 489 2061 mendicos
513 2013 593 2079 negat
615 2005 698 2062 luisse
719 2005 842 2070 ludaeos,
865 2021 936 2061 cum.
950 2006 977 2061 in
1000 2003 1123 2080 Evange-

104 2089 146 2146 liis
170 2097 197 2145 et
218 2088 330 2146 Actibus
352 2089 544 2165 Apostolorum
567 2089 686 2164 exemplo
709 2090 895 2148 mendicorum
920 2090 976 2147 sint
996 2090 1121 2164 plurima,

104 2175 230 2246 interque
258 2183 380 2231 caeteros
408 2174 524 2232 mendici
546 2175 653 2239 Lazari,
682 2192 763 2248 quem
787 2192 880 2232 verum
902 2175 1030 2231 Iudaeum
1053 2175 1123 2232 enti-

104 2259 171 2314 tisse
192 2257 304 2313 inficiari
326 2276 406 2315 nemo
429 2268 531 2333 potest.
561 2259 615 2316 Sed
637 2259 671 2315 de
693 2259 735 2316 his
756 2260 866 2333 copiose
889 2258 1036 2314 Serrarius.

193 2343 271 2398 1067
290 2343 315 2397 d.
344 2337 452 2416 μηδενὶ
473 2335 571 2440 μηδεν
584 2343 834 2444 προσκυνοῦντες]
866 2343 948 2399 Forte
960 2336 1064 2415 perdent
1079 2336 1123 2399 δέ.

189 2417 273 2492 carde
294 2418 378 2480 de*
350 2420 452 2492 oenone
474 2415 593 2505 ἑαυτοῖς
615 2419 907 2499 κατασκευάσαντες]
936 2419 1033 2522 φόρος
1046 2444 1061 2482 a
1076 2445 1123 2484 ro-

106 2509 271 2566 centioribus
295 2509 403 2567 Graecis
426 2491 514 2566 lorum
536 2510 696 2584 appellatur,
719 2511 774 2566 sive
795 2510 882 2584 ampla
905 2519 933 2568 et
950 2512 1045 2586 ingens
1060 2519 1123 2568 area

105 2594 250 2652 subdivalis
280 2604 307 2651 et
334 2584 500 2671 ὕπαιθρος.
545 2594 700 2652 Cuiusmodi
728 2595 898 2652 Proseuchas
925 2596 1010 2654 luisse
1043 2598 1123 2654 docet

105 2680 279 2754 Epiphanius.
319 2679 402 2737 Erant
422 2678 482 2736 loca
504 2679 633 2752 quaedam
656 2689 749 2754 aperta
771 2697 802 2736 ac
823 2680 882 2736 sine
904 2689 986 2748 tecto,
1010 2682 1037 2738 iu
1052 2699 1123 2757 quae

106 2765 199 2822 orandi
228 2782 322 2822 caussa
345 2762 549 2821 conveniebant.
594 2764 684 2822 l'ritus
707 2775 750 2822 est
770 2765 902 2823 luvenalis
923 2765 968 2823 ille
990 2784 1084 2825 versus
1107 2785 1122 2824 e

106 2850 162 2906 Sat.
180 2853 212 2907 λι
235 2850 296 2905 Ede
317 2851 366 2906 uhi
387 2851 539 2915 consistes,
561 2851 593 2906 in
615 2864 672 2922 pou
695 2857 720 2907 te
742 2866 848 2923 quaero
869 2850 1040 2908 Proceucha.
1081 2853 1122 2909 hd

106 2951 186 3009 quem
208 2943 285 2991 vetus
307 2934 471 2991 Scholiastes
493 2934 583 2990 locum
606 2951 667 2991 esse
688 2944 835 3001 memorat,
865 2935 897 2992 ad
919 2954 1000 3010 quem
1022 2955 1122 2993 conoe·

105 3021 202 3075 uenire
223 3022 351 3089 solebant
372 3020 492 3076 mendici
513 3021 551 3076 od
577 3021 677 3093 stipem
694 3022 861 3093 petendam,
891 3022 943 3078 etit
964 3023 1120 3089 tabernam,

105 3106 137 3160 in
158 3121 215 3176 pue
232 3121 375 3178 pauperes
389 3107 495 3164 cicant,
524 3104 618 3161 Addit:
642 3111 669 3161 et
682 3104 845 3161 Proseucha
860 3106 938 3161 locor
952 3106 1122 3162 ludaeorum

105 3189 155 3245 uhi
183 3196 272 3245 erunt.
315 3189 393 3246 Extat
420 3206 451 3246 ea
478 3206 527 3245 von
555 3189 646 3247 multis
674 3190 702 3245 in
729 3189 796 3245 locis
826 3189 897 3264 apud
924 3190 1065 3248 Philonem
1093 3192 1123 3247 in

106 3274 231 3330 Flaccum
253 3283 281 3329 et
304 3273 412 3339 Gaium„
426 3274 571 3348 losephum
588 3275 640 3341 lib.
664 3275 697 3331 de
718 3275 771 3330 vita
792 3291 851 3330 sua.
882 3274 982 3331 Romae
1001 3275 1120 3348 quidem,

107 3359 153 3415 uhi
181 3360 336 3432 trequentes
367 3368 443 3415 erant
464 3359 554 3415 ludaei
583 3369 610 3415 et
634 3377 696 3416 vero
719 3359 919 3424 mendicantes,
949 3360 1121 3417 Proseuchae

107 3443 260 3519 complures
283 3443 401 3500 luerunt.
431 3443 496 3500 Nam
520 3453 547 3500 et
569 3444 661 3502 eadem
684 3444 710 3500 in
727 3445 820 3519 Satyra
835 3445 966 3501 luvenalis
990 3455 1119 3519 occupata

107 3529 214 3585 illorum
243 3526 452 3585 habitationibus
481 3536 519 3594 et,
547 3537 578 3585 ut
611 3528 738 3587 credibile
769 3540 826 3596 est,
859 3529 1022 3586 Proseuchis
1044 3547 1118 3588 sacra

107 3614 241 3688 quondam
264 3611 346 3669 luisse
367 3612 424 3669 loca
448 3614 630 3687 conqueritur.
