<?xml version="1.0" encoding="UTF-8"?>
<!DOCTYPE html PUBLIC "-//W3C//DTD XHTML 1.0 Transitional//EN"
    "http://www.w3.org/TR/xhtml1/DTD/xhtml1-transitional.dtd">
<html xmlns="http://www.w3.org/1999/xhtml" xml:lang="en" lang="en">
 <head>
  <title>
</title>
<meta http-equiv="Content-Type" content="text/html;charset=utf-8" />
  <meta name='ocr-system' content='tesseract 3.04.00' />
  <meta name='ocr-capabilities' content='ocr_page ocr_carea ocr_par ocr_line ocrx_word'/>
</head>
<body>
  <div class='ocr_page' id='page_1' title='image "./epiphaniiepisco00epipgoog_0159.png"; bbox 0 0 2534 4154; ppageno 0'>
   <div class='ocr_carea' id='block_1_1' title="bbox 153 309 722 372">
    <p class='ocr_par' dir='ltr' id='par_1_1' title="bbox 153 309 722 372">
     <span class='ocr_line' id='line_1_1' title="bbox 153 309 722 372; baseline -0.009 0"><span class='ocrx_word' id='word_1_1' title='bbox 153 309 193 372; x_wconf 83' lang='lat'>68</span> <span class='ocrx_word' id='word_1_2' title='bbox 608 320 722 368; x_wconf 80' lang='lat' dir='ltr'>raram</span> 
     </span>
    </p>
   </div>
   <div class='ocr_carea' id='block_1_2' title="bbox 45 464 1173 2759">
    <p class='ocr_par' dir='ltr' id='par_1_2' title="bbox 147 464 1173 1146">
     <span class='ocr_line' id='line_1_2' title="bbox 150 464 1173 550; baseline -0.002 -16"><span class='ocrx_word' id='word_1_3' title='bbox 150 486 252 534; x_wconf 89' lang='lat' dir='ltr'>cratem</span> <span class='ocrx_word' id='word_1_4' title='bbox 274 479 424 550; x_wconf 87' lang='lat' dir='ltr'>disputans,</span> <span class='ocrx_word' id='word_1_5' title='bbox 469 468 532 532; x_wconf 81' lang='grc' dir='ltr'>Ἐπὶ</span> <span class='ocrx_word' id='word_1_6' title='bbox 556 468 677 532; x_wconf 78' lang='grc' dir='ltr'>τούτων</span> <span class='ocrx_word' id='word_1_7' title='bbox 696 464 780 549; x_wconf 79' lang='grc' dir='ltr'>οἶμαι</span> <span class='ocrx_word' id='word_1_8' title='bbox 803 470 853 530; x_wconf 84' lang='grc' dir='ltr'>καὶ</span> <span class='ocrx_word' id='word_1_9' title='bbox 882 476 943 532; x_wconf 81' lang='grc' dir='ltr'>τῶν</span> <span class='ocrx_word' id='word_1_10' title='bbox 971 468 1087 549; x_wconf 82' lang='grc' dir='ltr'>ὁμοίιον</span> <span class='ocrx_word' id='word_1_11' title='bbox 1107 468 1173 532; x_wconf 83' lang='lat' dir='ltr'>At-</span> 
     </span>
     <span class='ocr_line' id='line_1_3' title="bbox 150 551 1172 640; baseline 0 -22"><span class='ocrx_word' id='word_1_12' title='bbox 150 557 263 640; x_wconf 77' lang='grc' dir='ltr'>ρέσεων</span> <span class='ocrx_word' id='word_1_13' title='bbox 298 561 496 639; x_wconf 75' lang='grc' dir='ltr'><em>προφητικῶς</em></span> <span class='ocrx_word' id='word_1_14' title='bbox 525 554 658 640; x_wconf 74' lang='grc' dir='ltr'>Ἰούδαν,</span> <span class='ocrx_word' id='word_1_15' title='bbox 682 555 714 616; x_wconf 76' lang='grc' dir='ltr'>ἐν</span> <span class='ocrx_word' id='word_1_16' title='bbox 745 562 782 637; x_wconf 80' lang='grc' dir='ltr'>τῇ</span> <span class='ocrx_word' id='word_1_17' title='bbox 813 551 974 638; x_wconf 80' lang='grc' dir='ltr'><strong><em>Ἐπιστολῇ</em></strong></span> <span class='ocrx_word' id='word_1_18' title='bbox 1011 554 1172 634; x_wconf 76' lang='grc' dir='ltr'><em>εἰρηκέναι,</em></span> 
     </span>
     <span class='ocr_line' id='line_1_4' title="bbox 147 637 1173 726; baseline -0.002 -23"><span class='ocrx_word' id='word_1_19' title='bbox 147 640 280 720; x_wconf 83' lang='grc' dir='ltr'><strong><em>Ὁμοίως</em></strong></span> <span class='ocrx_word' id='word_1_20' title='bbox 300 642 357 720; x_wconf 82' lang='grc' dir='ltr'>μέν</span> <span class='ocrx_word' id='word_1_21' title='bbox 377 665 423 704; x_wconf 83' lang='grc' dir='ltr'>τοι</span> <span class='ocrx_word' id='word_1_22' title='bbox 447 642 497 703; x_wconf 78' lang='grc' dir='ltr'>καὶ</span> <span class='ocrx_word' id='word_1_23' title='bbox 521 641 606 703; x_wconf 79' lang='grc' dir='ltr'>οὗτοι</span> <span class='ocrx_word' id='word_1_24' title='bbox 622 638 881 717; x_wconf 76' lang='grc' dir='ltr'>ἐνυπνιαζόμενοι·</span> <span class='ocrx_word' id='word_1_25' title='bbox 905 638 940 701; x_wconf 76' lang='lat' dir='ltr'>ori</span> <span class='ocrx_word' id='word_1_26' title='bbox 957 637 1016 722; x_wconf 76' lang='grc' dir='ltr'>γὰρ</span> <span class='ocrx_word' id='word_1_27' title='bbox 1032 638 1117 724; x_wconf 77' lang='grc' dir='ltr'>ὕπαρ</span> <span class='ocrx_word' id='word_1_28' title='bbox 1133 648 1173 726; x_wconf 79' lang='grc' dir='ltr'>τῇ</span> 
     </span>
     <span class='ocr_line' id='line_1_5' title="bbox 150 723 1173 814; baseline -0.001 -24"><span class='ocrx_word' id='word_1_29' title='bbox 150 723 283 814; x_wconf 69' lang='grc' dir='ltr'>ἀληθεία</span> <span class='ocrx_word' id='word_1_30' title='bbox 306 727 531 805; x_wconf 73' lang='grc' dir='ltr'>ἐπιβάλλουσιν.</span> <span class='ocrx_word' id='word_1_31' title='bbox 562 732 692 804; x_wconf 78' lang='lat' dir='ltr'>Sequitur</span> <span class='ocrx_word' id='word_1_32' title='bbox 706 731 789 786; x_wconf 81' lang='lat' dir='ltr'>Isaiae</span> <span class='ocrx_word' id='word_1_33' title='bbox 804 731 880 786; x_wconf 89' lang='lat' dir='ltr'>loeus</span> <span class='ocrx_word' id='word_1_34' title='bbox 898 735 945 796; x_wconf 78' lang='lat'>56,</span> <span class='ocrx_word' id='word_1_35' title='bbox 965 735 1010 796; x_wconf 88' lang='grc'>10,</span> <span class='ocrx_word' id='word_1_36' title='bbox 1033 731 1081 787; x_wconf 88' lang='lat' dir='ltr'>ubi</span> <span class='ocrx_word' id='word_1_37' title='bbox 1097 731 1173 806; x_wconf 85' lang='lat' dir='ltr'>quod</span> 
     </span>
     <span class='ocr_line' id='line_1_6' title="bbox 149 817 1173 881; baseline 0.002 -10"><span class='ocrx_word' id='word_1_38' title='bbox 149 818 177 872; x_wconf 92' lang='lat' dir='ltr'>in</span> <span class='ocrx_word' id='word_1_39' title='bbox 200 817 324 874; x_wconf 84' lang='lat' dir='ltr'>Hebraeo</span> <span class='ocrx_word' id='word_1_40' title='bbox 347 828 389 873; x_wconf 86' lang='lat' dir='ltr'>est</span> <span class='ocrx_word' id='word_1_41' title='bbox 411 832 530 878; x_wconf 53' lang='lat' dir='ltr'>nonnam</span> <span class='ocrx_word' id='word_1_42' title='bbox 553 829 637 881; x_wconf 63' lang='lat' dir='ltr'>marn,</span> <span class='ocrx_word' id='word_1_43' title='bbox 663 817 723 872; x_wconf 86' lang='lat' dir='ltr'>Visa</span> <span class='ocrx_word' id='word_1_44' title='bbox 745 825 916 881; x_wconf 79' lang='lat' dir='ltr'>contuentes,</span> <span class='ocrx_word' id='word_1_45' title='bbox 940 817 1074 881; x_wconf 88' lang='lat' dir='ltr'>iacentes,</span> <span class='ocrx_word' id='word_1_46' title='bbox 1105 818 1173 873; x_wconf 82' lang='lat' dir='ltr'>LXX</span> 
     </span>
     <span class='ocr_line' id='line_1_7' title="bbox 149 896 1172 976; baseline 0.003 -21"><span class='ocrx_word' id='word_1_47' title='bbox 149 911 259 959; x_wconf 88' lang='lat' dir='ltr'>vertunt</span> <span class='ocrx_word' id='word_1_48' title='bbox 277 896 519 976; x_wconf 71' lang='grc' dir='ltr'>ἐνυπνιαζόμενοι</span> <span class='ocrx_word' id='word_1_49' title='bbox 536 897 648 975; x_wconf 80' lang='grc' dir='ltr'>κοίτην,</span> <span class='ocrx_word' id='word_1_50' title='bbox 671 903 842 956; x_wconf 73' lang='lat' dir='ltr'><em>somniantes</em></span> <span class='ocrx_word' id='word_1_51' title='bbox 859 903 958 957; x_wconf 80' lang='lat' dir='ltr'>cubile.</span> <span class='ocrx_word' id='word_1_52' title='bbox 989 902 1062 969; x_wconf 79' lang='lat' dir='ltr'>Quae</span> <span class='ocrx_word' id='word_1_53' title='bbox 1079 911 1172 959; x_wconf 88' lang='lat' dir='ltr'>tamen</span> 
     </span>
     <span class='ocr_line' id='line_1_8' title="bbox 148 987 1173 1060; baseline 0.002 -18"><span class='ocrx_word' id='word_1_54' title='bbox 148 987 177 1042; x_wconf 93' lang='lat' dir='ltr'>in</span> <span class='ocrx_word' id='word_1_55' title='bbox 194 987 325 1044; x_wconf 80' lang='lat' dir='ltr'>Canonica</span> <span class='ocrx_word' id='word_1_56' title='bbox 349 988 429 1044; x_wconf 91' lang='lat' dir='ltr'>ludae</span> <span class='ocrx_word' id='word_1_57' title='bbox 451 1005 506 1043; x_wconf 94' lang='lat' dir='ltr'>non</span> <span class='ocrx_word' id='word_1_58' title='bbox 530 988 713 1060; x_wconf 87' lang='lat' dir='ltr'>reperiuntur,</span> <span class='ocrx_word' id='word_1_59' title='bbox 737 995 831 1041; x_wconf 89' lang='lat' dir='ltr'>contra</span> <span class='ocrx_word' id='word_1_60' title='bbox 854 1004 934 1060; x_wconf 92' lang='lat' dir='ltr'>quam</span> <span class='ocrx_word' id='word_1_61' title='bbox 956 1003 1079 1042; x_wconf 79' lang='lat' dir='ltr'><strong>asserere</strong></span> <span class='ocrx_word' id='word_1_62' title='bbox 1094 988 1173 1044; x_wconf 90' lang='lat' dir='ltr'>vide-</span> 
     </span>
     <span class='ocr_line' id='line_1_9' title="bbox 149 1073 1154 1146; baseline -0.004 -18"><span class='ocrx_word' id='word_1_63' title='bbox 149 1081 195 1128; x_wconf 90' lang='lat' dir='ltr'>tur</span> <span class='ocrx_word' id='word_1_64' title='bbox 216 1073 391 1146; x_wconf 76' lang='lat' dir='ltr'>Epiphanius.</span> <span class='ocrx_word' id='word_1_65' title='bbox 1150 1120 1154 1124; x_wconf 85' lang='lat'>.</span> 
     </span>
    </p>

    <p class='ocr_par' dir='ltr' id='par_1_3' title="bbox 147 1147 1173 1477">
     <span class='ocr_line' id='line_1_10' title="bbox 236 1147 1171 1232; baseline -0.003 -16"><span class='ocrx_word' id='word_1_66' title='bbox 236 1160 273 1216; x_wconf 79' lang='lat'>97</span> <span class='ocrx_word' id='word_1_67' title='bbox 292 1161 318 1215; x_wconf 93' lang='lat' dir='ltr'>d.</span> <span class='ocrx_word' id='word_1_68' title='bbox 348 1151 391 1232; x_wconf 80' lang='grc' dir='ltr'>μή</span> <span class='ocrx_word' id='word_1_69' title='bbox 413 1175 474 1231; x_wconf 92' lang='grc' dir='ltr'>μου</span> <span class='ocrx_word' id='word_1_70' title='bbox 497 1147 610 1231; x_wconf 78' lang='grc' dir='ltr'>ἅπτου]</span> <span class='ocrx_word' id='word_1_71' title='bbox 649 1156 788 1230; x_wconf 86' lang='lat' dir='ltr'>Chrysost.</span> <span class='ocrx_word' id='word_1_72' title='bbox 817 1157 845 1211; x_wconf 94' lang='lat' dir='ltr'>in</span> <span class='ocrx_word' id='word_1_73' title='bbox 875 1156 946 1210; x_wconf 90' lang='lat' dir='ltr'>loan.</span> <span class='ocrx_word' id='word_1_74' title='bbox 974 1173 1036 1211; x_wconf 90' lang='lat' dir='ltr'>eum</span> <span class='ocrx_word' id='word_1_75' title='bbox 1058 1173 1171 1213; x_wconf 89' lang='lat' dir='ltr'>sensum</span> 
     </span>
     <span class='ocr_line' id='line_1_11' title="bbox 150 1240 1171 1316; baseline 0.001 -19"><span class='ocrx_word' id='word_1_76' title='bbox 150 1242 241 1308; x_wconf 85' lang='lat' dir='ltr'>affert,</span> <span class='ocrx_word' id='word_1_77' title='bbox 271 1244 345 1316; x_wconf 91' lang='lat' dir='ltr'>quod</span> <span class='ocrx_word' id='word_1_78' title='bbox 367 1244 447 1298; x_wconf 87' lang='lat' dir='ltr'>Maria</span> <span class='ocrx_word' id='word_1_79' title='bbox 476 1261 537 1298; x_wconf 89' lang='lat' dir='ltr'>cum</span> <span class='ocrx_word' id='word_1_80' title='bbox 561 1242 667 1297; x_wconf 83' lang='lat' dir='ltr'>Christo</span> <span class='ocrx_word' id='word_1_81' title='bbox 698 1243 790 1297; x_wconf 73' lang='lat' dir='ltr'>cariem</span> <span class='ocrx_word' id='word_1_82' title='bbox 813 1258 866 1314; x_wconf 91' lang='lat' dir='ltr'>qua</span> <span class='ocrx_word' id='word_1_83' title='bbox 889 1249 967 1296; x_wconf 87' lang='lat' dir='ltr'>autea</span> <span class='ocrx_word' id='word_1_84' title='bbox 990 1240 1171 1298; x_wconf 79' lang='lat' dir='ltr'>familiaritate</span> 
     </span>
     <span class='ocr_line' id='line_1_12' title="bbox 148 1327 1173 1401; baseline 0 -19"><span class='ocrx_word' id='word_1_85' title='bbox 148 1345 209 1383; x_wconf 84' lang='lat' dir='ltr'>sese</span> <span class='ocrx_word' id='word_1_86' title='bbox 231 1338 355 1401; x_wconf 84' lang='lat' dir='ltr'>gereret,</span> <span class='ocrx_word' id='word_1_87' title='bbox 383 1346 434 1384; x_wconf 86' lang='lat' dir='ltr'>nec</span> <span class='ocrx_word' id='word_1_88' title='bbox 456 1328 489 1383; x_wconf 93' lang='lat' dir='ltr'>de</span> <span class='ocrx_word' id='word_1_89' title='bbox 512 1345 544 1383; x_wconf 91' lang='lat' dir='ltr'>eo</span> <span class='ocrx_word' id='word_1_90' title='bbox 567 1327 656 1381; x_wconf 90' lang='lat' dir='ltr'>maius</span> <span class='ocrx_word' id='word_1_91' title='bbox 676 1327 801 1399; x_wconf 86' lang='lat' dir='ltr'>quiddam</span> <span class='ocrx_word' id='word_1_92' title='bbox 825 1336 852 1382; x_wconf 91' lang='lat' dir='ltr'>et</span> <span class='ocrx_word' id='word_1_93' title='bbox 874 1327 1015 1398; x_wconf 86' lang='lat' dir='ltr'>augustius</span> <span class='ocrx_word' id='word_1_94' title='bbox 1040 1335 1102 1398; x_wconf 90' lang='lat' dir='ltr'>post</span> <span class='ocrx_word' id='word_1_95' title='bbox 1124 1343 1173 1383; x_wconf 91' lang='lat' dir='ltr'>re-</span> 
     </span>
     <span class='ocr_line' id='line_1_13' title="bbox 147 1410 1117 1477; baseline -0.002 -9"><span class='ocrx_word' id='word_1_96' title='bbox 147 1414 345 1469; x_wconf 76' lang='lat' dir='ltr'>surrectionem</span> <span class='ocrx_word' id='word_1_97' title='bbox 368 1414 490 1477; x_wconf 86' lang='lat' dir='ltr'>sentiret,</span> <span class='ocrx_word' id='word_1_98' title='bbox 515 1411 547 1467; x_wconf 89' lang='lat' dir='ltr'>ah</span> <span class='ocrx_word' id='word_1_99' title='bbox 570 1412 616 1467; x_wconf 95' lang='lat' dir='ltr'>illo</span> <span class='ocrx_word' id='word_1_100' title='bbox 639 1411 704 1466; x_wconf 88' lang='lat' dir='ltr'>iisee</span> <span class='ocrx_word' id='word_1_101' title='bbox 727 1410 814 1466; x_wconf 87' lang='lat' dir='ltr'>verbis</span> <span class='ocrx_word' id='word_1_102' title='bbox 837 1411 1000 1466; x_wconf 89' lang='lat' dir='ltr'>admonitam</span> <span class='ocrx_word' id='word_1_103' title='bbox 1023 1411 1117 1466; x_wconf 87' lang='lat' dir='ltr'>luisse.</span> 
     </span>
    </p>

    <p class='ocr_par' dir='ltr' id='par_1_4' title="bbox 141 1489 1173 2487">
     <span class='ocr_line' id='line_1_14' title="bbox 233 1489 1173 1574; baseline -0.003 -19"><span class='ocrx_word' id='word_1_104' title='bbox 233 1501 272 1557; x_wconf 85' lang='lat'>98</span> <span class='ocrx_word' id='word_1_105' title='bbox 289 1501 315 1555; x_wconf 92' lang='lat' dir='ltr'>d.</span> <span class='ocrx_word' id='word_1_106' title='bbox 345 1491 582 1574; x_wconf 72' lang='grc' dir='ltr'>παρεισφέρουσι</span> <span class='ocrx_word' id='word_1_107' title='bbox 605 1489 663 1572; x_wconf 75' lang='grc' dir='ltr'>γὰρ</span> <span class='ocrx_word' id='word_1_108' title='bbox 687 1489 715 1551; x_wconf 80' lang='grc' dir='ltr'>οἱ</span> <span class='ocrx_word' id='word_1_109' title='bbox 737 1491 873 1569; x_wconf 80' lang='grc' dir='ltr'>ποιηταὶ]</span> <span class='ocrx_word' id='word_1_110' title='bbox 912 1495 1100 1551; x_wconf 90' lang='lat' dir='ltr'>Putidissirnae</span> <span class='ocrx_word' id='word_1_111' title='bbox 1129 1496 1173 1552; x_wconf 86' lang='lat' dir='ltr'>fa·</span> 
     </span>
     <span class='ocr_line' id='line_1_15' title="bbox 146 1580 1172 1654; baseline 0 -17"><span class='ocrx_word' id='word_1_112' title='bbox 146 1581 227 1638; x_wconf 87' lang='lat' dir='ltr'>bulae</span> <span class='ocrx_word' id='word_1_113' title='bbox 255 1586 354 1639; x_wconf 85' lang='lat' dir='ltr'>author</span> <span class='ocrx_word' id='word_1_114' title='bbox 384 1583 517 1638; x_wconf 84' lang='lat' dir='ltr'>Hesiodus</span> <span class='ocrx_word' id='word_1_115' title='bbox 545 1581 572 1636; x_wconf 87' lang='lat' dir='ltr'>in</span> <span class='ocrx_word' id='word_1_116' title='bbox 602 1580 704 1654; x_wconf 80' lang='lat' dir='ltr'>Theog.</span> <span class='ocrx_word' id='word_1_117' title='bbox 736 1581 783 1636; x_wconf 88' lang='lat' dir='ltr'>uhi</span> <span class='ocrx_word' id='word_1_118' title='bbox 817 1581 929 1654; x_wconf 87' lang='lat' dir='ltr'>primam</span> <span class='ocrx_word' id='word_1_119' title='bbox 959 1581 1027 1636; x_wconf 86' lang='lat' dir='ltr'>lovis</span> <span class='ocrx_word' id='word_1_120' title='bbox 1056 1598 1172 1637; x_wconf 84' lang='lat' dir='ltr'>uxorem</span> 
     </span>
     <span class='ocr_line' id='line_1_16' title="bbox 141 1666 1172 1740; baseline 0 -18"><span class='ocrx_word' id='word_1_121' title='bbox 141 1666 230 1723; x_wconf 83' lang='lat' dir='ltr'>Metin</span> <span class='ocrx_word' id='word_1_122' title='bbox 259 1668 291 1724; x_wconf 89' lang='lat' dir='ltr'>ab</span> <span class='ocrx_word' id='word_1_123' title='bbox 316 1686 348 1724; x_wconf 91' lang='lat' dir='ltr'>eo</span> <span class='ocrx_word' id='word_1_124' title='bbox 371 1669 525 1723; x_wconf 87' lang='lat' dir='ltr'>devoratam</span> <span class='ocrx_word' id='word_1_125' title='bbox 547 1666 659 1730; x_wconf 84' lang='lat' dir='ltr'>cecinit,</span> <span class='ocrx_word' id='word_1_126' title='bbox 689 1666 860 1740; x_wconf 90' lang='lat' dir='ltr'>indidemque</span> <span class='ocrx_word' id='word_1_127' title='bbox 882 1674 1058 1738; x_wconf 84' lang='lat' dir='ltr'>propagatam</span> <span class='ocrx_word' id='word_1_128' title='bbox 1080 1666 1172 1722; x_wconf 90' lang='lat' dir='ltr'>Palla·</span> 
     </span>
     <span class='ocr_line' id='line_1_17' title="bbox 149 1751 1172 1825; baseline -0.001 -18"><span class='ocrx_word' id='word_1_129' title='bbox 149 1752 219 1807; x_wconf 89' lang='lat' dir='ltr'>dem.</span> <span class='ocrx_word' id='word_1_130' title='bbox 264 1753 444 1825; x_wconf 77' lang='lat' dir='ltr'>Apollodorus</span> <span class='ocrx_word' id='word_1_131' title='bbox 473 1768 537 1808; x_wconf 94' lang='lat' dir='ltr'>vero</span> <span class='ocrx_word' id='word_1_132' title='bbox 565 1752 613 1806; x_wconf 92' lang='lat' dir='ltr'>l.l</span> <span class='ocrx_word' id='word_1_133' title='bbox 640 1751 767 1806; x_wconf 89' lang='lat' dir='ltr'>Biblioth.</span> <span class='ocrx_word' id='word_1_134' title='bbox 796 1751 876 1806; x_wconf 88' lang='lat' dir='ltr'>Metin</span> <span class='ocrx_word' id='word_1_135' title='bbox 907 1751 944 1805; x_wconf 87' lang='lat' dir='ltr'>ait</span> <span class='ocrx_word' id='word_1_136' title='bbox 967 1751 1065 1806; x_wconf 85' lang='lat' dir='ltr'>Oceani</span> <span class='ocrx_word' id='word_1_137' title='bbox 1088 1751 1172 1806; x_wconf 82' lang='lat' dir='ltr'>liliam</span> 
     </span>
     <span class='ocr_line' id='line_1_18' title="bbox 148 1828 1171 1910; baseline 0.001 -20"><span class='ocrx_word' id='word_1_138' title='bbox 148 1836 203 1891; x_wconf 93' lang='lat' dir='ltr'>lovi</span> <span class='ocrx_word' id='word_1_139' title='bbox 231 1839 393 1899; x_wconf 83' lang='lat' dir='ltr'>anniliatam¹</span> <span class='ocrx_word' id='word_1_140' title='bbox 411 1855 487 1902; x_wconf 92' lang='lat' dir='ltr'>esse,</span> <span class='ocrx_word' id='word_1_141' title='bbox 524 1836 691 1910; x_wconf 89' lang='lat' dir='ltr'>eandemque</span> <span class='ocrx_word' id='word_1_142' title='bbox 720 1828 837 1891; x_wconf 84' lang='lat' dir='ltr'>Saturno</span> <span class='ocrx_word' id='word_1_143' title='bbox 866 1836 1005 1907; x_wconf 88' lang='lat' dir='ltr'>potionem</span> <span class='ocrx_word' id='word_1_144' title='bbox 1034 1836 1171 1909; x_wconf 89' lang='lat' dir='ltr'>quandam</span> 
     </span>
     <span class='ocr_line' id='line_1_19' title="bbox 147 1920 1172 1994; baseline 0.002 -20"><span class='ocrx_word' id='word_1_145' title='bbox 147 1921 316 1992; x_wconf 89' lang='lat' dir='ltr'>propinasse,</span> <span class='ocrx_word' id='word_1_146' title='bbox 341 1934 392 1994; x_wconf 89' lang='lat' dir='ltr'>qua</span> <span class='ocrx_word' id='word_1_147' title='bbox 415 1922 437 1977; x_wconf 92' lang='lat' dir='ltr'>is</span> <span class='ocrx_word' id='word_1_148' title='bbox 461 1923 599 1984; x_wconf 83' lang='lat' dir='ltr'>exhausta,</span> <span class='ocrx_word' id='word_1_149' title='bbox 623 1920 703 1985; x_wconf 81' lang='lat' dir='ltr'>filios,</span> <span class='ocrx_word' id='word_1_150' title='bbox 727 1938 795 1994; x_wconf 92' lang='lat' dir='ltr'>quos</span> <span class='ocrx_word' id='word_1_151' title='bbox 819 1921 967 1985; x_wconf 90' lang='lat' dir='ltr'>devorarat,</span> <span class='ocrx_word' id='word_1_152' title='bbox 992 1938 1086 1975; x_wconf 92' lang='lat' dir='ltr'>omnes</span> <span class='ocrx_word' id='word_1_153' title='bbox 1104 1938 1172 1976; x_wconf 86' lang='lat' dir='ltr'>evo-</span> 
     </span>
     <span class='ocr_line' id='line_1_20' title="bbox 148 2005 1171 2079; baseline 0.003 -21"><span class='ocrx_word' id='word_1_154' title='bbox 148 2005 224 2059; x_wconf 92' lang='lat' dir='ltr'>muit.</span> <span class='ocrx_word' id='word_1_155' title='bbox 261 2007 447 2079; x_wconf 80' lang='lat' dir='ltr'>Athenagoras</span> <span class='ocrx_word' id='word_1_156' title='bbox 470 2007 497 2060; x_wconf 95' lang='lat' dir='ltr'>in</span> <span class='ocrx_word' id='word_1_157' title='bbox 520 2006 611 2078; x_wconf 83' lang='lat' dir='ltr'>Legat.</span> <span class='ocrx_word' id='word_1_158' title='bbox 635 2023 683 2078; x_wconf 94' lang='lat' dir='ltr'>pro</span> <span class='ocrx_word' id='word_1_159' title='bbox 708 2005 865 2061; x_wconf 83' lang='lat' dir='ltr'>Christianis</span> <span class='ocrx_word' id='word_1_160' title='bbox 889 2006 988 2078; x_wconf 83' lang='lat' dir='ltr'>Orphei</span> <span class='ocrx_word' id='word_1_161' title='bbox 1010 2023 1105 2060; x_wconf 90' lang='lat' dir='ltr'>versus</span> <span class='ocrx_word' id='word_1_162' title='bbox 1129 2006 1171 2061; x_wconf 88' lang='lat' dir='ltr'>ci-</span> 
     </span>
     <span class='ocr_line' id='line_1_21' title="bbox 148 2090 1171 2163; baseline 0.002 -18"><span class='ocrx_word' id='word_1_163' title='bbox 148 2099 202 2153; x_wconf 87' lang='lat' dir='ltr'>tat,</span> <span class='ocrx_word' id='word_1_164' title='bbox 226 2090 325 2163; x_wconf 89' lang='lat' dir='ltr'>quibus</span> <span class='ocrx_word' id='word_1_165' title='bbox 348 2093 381 2147; x_wconf 92' lang='lat' dir='ltr'>de</span> <span class='ocrx_word' id='word_1_166' title='bbox 397 2092 518 2146; x_wconf 84' lang='lat' dir='ltr'>Phaneta</span> <span class='ocrx_word' id='word_1_167' title='bbox 540 2090 642 2145; x_wconf 88' lang='lat' dir='ltr'>mentio</span> <span class='ocrx_word' id='word_1_168' title='bbox 666 2099 717 2155; x_wconf 91' lang='lat' dir='ltr'>est,</span> <span class='ocrx_word' id='word_1_169' title='bbox 741 2108 821 2163; x_wconf 90' lang='lat' dir='ltr'>quem</span> <span class='ocrx_word' id='word_1_170' title='bbox 844 2091 943 2146; x_wconf 87' lang='lat' dir='ltr'>indicat</span> <span class='ocrx_word' id='word_1_171' title='bbox 966 2090 1061 2146; x_wconf 90' lang='lat' dir='ltr'>deinde</span> <span class='ocrx_word' id='word_1_172' title='bbox 1077 2108 1090 2144; x_wconf 93' lang='lat' dir='ltr'>a</span> <span class='ocrx_word' id='word_1_173' title='bbox 1108 2091 1171 2147; x_wconf 87' lang='lat' dir='ltr'>love</span> 
     </span>
     <span class='ocr_line' id='line_1_22' title="bbox 148 2166 1167 2249; baseline 0.005 -21"><span class='ocrx_word' id='word_1_174' title='bbox 148 2174 272 2230; x_wconf 90' lang='lat' dir='ltr'>similiter</span> <span class='ocrx_word' id='word_1_175' title='bbox 294 2176 461 2249; x_wconf 90' lang='lat' dir='ltr'>absorptum.</span> <span class='ocrx_word' id='word_1_176' title='bbox 492 2168 510 2249; x_wconf 80' lang='grc' dir='ltr'><strong><em>ἢ</em></strong></span> <span class='ocrx_word' id='word_1_177' title='bbox 535 2173 752 2249; x_wconf 69' lang='grc' dir='ltr'>καταποθῆναι</span> <span class='ocrx_word' id='word_1_178' title='bbox 773 2167 833 2230; x_wconf 77' lang='grc' dir='ltr'>ὑπὸ</span> <span class='ocrx_word' id='word_1_179' title='bbox 856 2178 912 2231; x_wconf 83' lang='grc' dir='ltr'>τοῦ</span> <span class='ocrx_word' id='word_1_180' title='bbox 933 2169 1019 2245; x_wconf 78' lang='grc' dir='ltr'>Διὸς,</span> <span class='ocrx_word' id='word_1_181' title='bbox 1044 2166 1127 2241; x_wconf 83' lang='grc' dir='ltr'>ὅπως</span> <span class='ocrx_word' id='word_1_182' title='bbox 1149 2167 1167 2233; x_wconf 79' lang='grc' dir='ltr'>ὅ</span> 
     </span>
     <span class='ocr_line' id='line_1_23' title="bbox 147 2252 1169 2337; baseline 0.003 -24"><span class='ocrx_word' id='word_1_183' title='bbox 147 2253 227 2327; x_wconf 82' lang='grc' dir='ltr'>Ζεὺς</span> <span class='ocrx_word' id='word_1_184' title='bbox 255 2252 415 2337; x_wconf 81' lang='grc' dir='ltr'>ἀχώρητος</span> <span class='ocrx_word' id='word_1_185' title='bbox 442 2254 567 2336; x_wconf 76' lang='grc' dir='ltr'>γένοιτο.</span> <span class='ocrx_word' id='word_1_186' title='bbox 612 2261 690 2328; x_wconf 82' lang='lat' dir='ltr'>Quod</span> <span class='ocrx_word' id='word_1_187' title='bbox 714 2260 849 2316; x_wconf 86' lang='lat' dir='ltr'>Gesnerus</span> <span class='ocrx_word' id='word_1_188' title='bbox 872 2261 1007 2332; x_wconf 91' lang='lat' dir='ltr'>interpres</span> <span class='ocrx_word' id='word_1_189' title='bbox 1029 2261 1062 2314; x_wconf 87' lang='lat' dir='ltr'>ad</span> <span class='ocrx_word' id='word_1_190' title='bbox 1084 2261 1169 2316; x_wconf 85' lang='lat' dir='ltr'>hletin</span> 
     </span>
     <span class='ocr_line' id='line_1_24' title="bbox 149 2345 1168 2418; baseline 0.001 -19"><span class='ocrx_word' id='word_1_191' title='bbox 149 2345 295 2401; x_wconf 90' lang='lat' dir='ltr'>transtulit.</span> <span class='ocrx_word' id='word_1_192' title='bbox 340 2348 437 2402; x_wconf 87' lang='lat' dir='ltr'>Verum</span> <span class='ocrx_word' id='word_1_193' title='bbox 467 2347 500 2402; x_wconf 92' lang='lat' dir='ltr'>de</span> <span class='ocrx_word' id='word_1_194' title='bbox 524 2346 645 2401; x_wconf 88' lang='lat' dir='ltr'>Phanete</span> <span class='ocrx_word' id='word_1_195' title='bbox 667 2346 742 2418; x_wconf 92' lang='lat' dir='ltr'>loqui</span> <span class='ocrx_word' id='word_1_196' title='bbox 764 2346 869 2401; x_wconf 90' lang='lat' dir='ltr'>videtur</span> <span class='ocrx_word' id='word_1_197' title='bbox 890 2347 1086 2417; x_wconf 80' lang='lat' dir='ltr'>Athenagoras,</span> <span class='ocrx_word' id='word_1_198' title='bbox 1111 2362 1168 2400; x_wconf 87' lang='lat' dir='ltr'>non</span> 
     </span>
     <span class='ocr_line' id='line_1_25' title="bbox 149 2423 391 2487; baseline 0.008 -3"><span class='ocrx_word' id='word_1_199' title='bbox 149 2430 182 2485; x_wconf 91' lang='lat' dir='ltr'>de</span> <span class='ocrx_word' id='word_1_200' title='bbox 204 2430 276 2487; x_wconf 86' lang='lat' dir='ltr'>Meti.</span> <span class='ocrx_word' id='word_1_201' title='bbox 389 2423 391 2428; x_wconf 38' lang='lat'><strong>¹</strong></span> 
     </span>
    </p>

    <p class='ocr_par' dir='ltr' id='par_1_5' title="bbox 236 2504 1167 2595">
     <span class='ocr_line' id='line_1_26' title="bbox 236 2504 1167 2595; baseline -0.002 -23"><span class='ocrx_word' id='word_1_202' title='bbox 236 2520 289 2572; x_wconf 94' lang='grc'>101</span> <span class='ocrx_word' id='word_1_203' title='bbox 310 2517 335 2572; x_wconf 93' lang='lat' dir='ltr'>d.</span> <span class='ocrx_word' id='word_1_204' title='bbox 367 2507 448 2572; x_wconf 72' lang='grc' dir='ltr'>οὕτω</span> <span class='ocrx_word' id='word_1_205' title='bbox 469 2511 545 2592; x_wconf 77' lang='grc' dir='ltr'>γὰρ,</span> <span class='ocrx_word' id='word_1_206' title='bbox 577 2512 670 2592; x_wconf 78' lang='grc' dir='ltr'>φασὶ,</span> <span class='ocrx_word' id='word_1_207' title='bbox 700 2509 754 2590; x_wconf 78' lang='grc' dir='ltr'>τὴν</span> <span class='ocrx_word' id='word_1_208' title='bbox 785 2504 997 2595; x_wconf 70' lang='grc' dir='ltr'>ἀπειρώὸινον]</span> <span class='ocrx_word' id='word_1_209' title='bbox 1037 2513 1167 2571; x_wconf 80' lang='lat' dir='ltr'>Fabulam</span> 
     </span>
    </p>

    <p class='ocr_par' dir='ltr' id='par_1_6' title="bbox 45 2599 1168 2673">
     <span class='ocr_line' id='line_1_27' title="bbox 45 2599 1168 2673; baseline 0.004 -22"><span class='ocrx_word' id='word_1_210' title='bbox 45 2654 48 2669; x_wconf 33' lang='lat'><strong>¹</strong></span> <span class='ocrx_word' id='word_1_211' title='bbox 147 2610 239 2654; x_wconf 86' lang='lat' dir='ltr'>narrat</span> <span class='ocrx_word' id='word_1_212' title='bbox 261 2609 288 2655; x_wconf 91' lang='lat' dir='ltr'>et</span> <span class='ocrx_word' id='word_1_213' title='bbox 310 2601 378 2656; x_wconf 88' lang='lat' dir='ltr'>Plin.</span> <span class='ocrx_word' id='word_1_214' title='bbox 399 2607 445 2667; x_wconf 90' lang='grc'>10,</span> <span class='ocrx_word' id='word_1_215' title='bbox 465 2604 513 2658; x_wconf 83' lang='grc'>62.</span> <span class='ocrx_word' id='word_1_216' title='bbox 546 2601 594 2657; x_wconf 85' lang='lat' dir='ltr'>Cui</span> <span class='ocrx_word' id='word_1_217' title='bbox 617 2602 696 2656; x_wconf 86' lang='lat' dir='ltr'>fidem</span> <span class='ocrx_word' id='word_1_218' title='bbox 719 2602 851 2673; x_wconf 90' lang='lat' dir='ltr'>derogant</span> <span class='ocrx_word' id='word_1_219' title='bbox 868 2600 1058 2663; x_wconf 74' lang='lat' dir='ltr'>Philostratus</span> <span class='ocrx_word' id='word_1_220' title='bbox 1082 2599 1168 2655; x_wconf 79' lang='lat' dir='ltr'>blaxi-</span> 
     </span>
    </p>

    <p class='ocr_par' dir='ltr' id='par_1_7' title="bbox 148 2684 644 2759">
     <span class='ocr_line' id='line_1_28' title="bbox 148 2684 644 2759; baseline 0.014 -24"><span class='ocrx_word' id='word_1_221' title='bbox 148 2699 207 2736; x_wconf 89' lang='lat' dir='ltr'>mus</span> <span class='ocrx_word' id='word_1_222' title='bbox 230 2684 335 2756; x_wconf 83' lang='lat' dir='ltr'>Tyrius,</span> <span class='ocrx_word' id='word_1_223' title='bbox 359 2687 457 2759; x_wconf 89' lang='lat' dir='ltr'>aliique</span> <span class='ocrx_word' id='word_1_224' title='bbox 480 2687 644 2758; x_wconf 75' lang='lat' dir='ltr'>complures,</span> 
     </span>
    </p>
   </div>
   <div class='ocr_carea' id='block_1_3' title="bbox 350 2902 960 2963">
    <p class='ocr_par' dir='ltr' id='par_1_8' title="bbox 350 2902 960 2963">
     <span class='ocr_line' id='line_1_29' title="bbox 350 2902 960 2963; baseline 0.003 -6"><span class='ocrx_word' id='word_1_225' title='bbox 350 2903 394 2957; x_wconf 77' lang='lat' dir='ltr'>ab</span> <span class='ocrx_word' id='word_1_226' title='bbox 418 2903 584 2963; x_wconf 80' lang='lat' dir='ltr'><strong>HAERESIN</strong></span> <span class='ocrx_word' id='word_1_227' title='bbox 605 2903 694 2958; x_wconf 87' lang='lat' dir='ltr'>XXVII</span> <span class='ocrx_word' id='word_1_228' title='bbox 721 2902 960 2959; x_wconf 79' lang='lat' dir='ltr'>CARPOCRthS.</span> 
     </span>
    </p>
   </div>
   <div class='ocr_carea' id='block_1_4' title="bbox 106 3005 1168 3695">
    <p class='ocr_par' dir='ltr' id='par_1_9' title="bbox 145 3005 1168 3436">
     <span class='ocr_line' id='line_1_30' title="bbox 235 3005 1168 3102; baseline 0.002 -24"><span class='ocrx_word' id='word_1_229' title='bbox 235 3023 292 3079; x_wconf 88' lang='grc'>103</span> <span class='ocrx_word' id='word_1_230' title='bbox 310 3038 333 3076; x_wconf 93' lang='lat' dir='ltr'>a.</span> <span class='ocrx_word' id='word_1_231' title='bbox 365 3011 414 3078; x_wconf 82' lang='grc' dir='ltr'>ὅτε</span> <span class='ocrx_word' id='word_1_232' title='bbox 437 3005 474 3096; x_wconf 75' lang='grc' dir='ltr'>ἦν</span> <span class='ocrx_word' id='word_1_233' title='bbox 485 3017 517 3077; x_wconf 77' lang='grc' dir='ltr'>ἓν</span> <span class='ocrx_word' id='word_1_234' title='bbox 528 3023 565 3099; x_wconf 78' lang='grc' dir='ltr'>τῇ</span> <span class='ocrx_word' id='word_1_235' title='bbox 577 3020 743 3102; x_wconf 75' lang='grc' dir='ltr'>περιφορᾷ]</span> <span class='ocrx_word' id='word_1_236' title='bbox 772 3020 938 3076; x_wconf 74' lang='lat' dir='ltr'>comitatum</span> <span class='ocrx_word' id='word_1_237' title='bbox 948 3022 1123 3087; x_wconf 87' lang='lat' dir='ltr'>reddidimus,</span> <span class='ocrx_word' id='word_1_238' title='bbox 1135 3033 1168 3080; x_wconf 94' lang='lat' dir='ltr'>ut</span> 
     </span>
     <span class='ocr_line' id='line_1_31' title="bbox 145 3106 1166 3188; baseline 0.003 -26"><span class='ocrx_word' id='word_1_239' title='bbox 145 3125 195 3180; x_wconf 93' lang='lat' dir='ltr'>pro</span> <span class='ocrx_word' id='word_1_240' title='bbox 227 3107 444 3188; x_wconf 74' lang='grc' dir='ltr'>συμπεριφορᾷ</span> <span class='ocrx_word' id='word_1_241' title='bbox 471 3115 629 3179; x_wconf 89' lang='lat' dir='ltr'>usurpetur,</span> <span class='ocrx_word' id='word_1_242' title='bbox 660 3124 721 3161; x_wconf 88' lang='lat' dir='ltr'>eum</span> <span class='ocrx_word' id='word_1_243' title='bbox 751 3106 811 3178; x_wconf 92' lang='lat' dir='ltr'>quis</span> <span class='ocrx_word' id='word_1_244' title='bbox 839 3106 944 3162; x_wconf 77' lang='lat' dir='ltr'>facilem</span> <span class='ocrx_word' id='word_1_245' title='bbox 972 3125 1001 3162; x_wconf 92' lang='lat' dir='ltr'>se</span> <span class='ocrx_word' id='word_1_246' title='bbox 1031 3106 1108 3162; x_wconf 88' lang='lat' dir='ltr'>alteri</span> <span class='ocrx_word' id='word_1_247' title='bbox 1137 3118 1166 3165; x_wconf 87' lang='lat' dir='ltr'>et</span> 
     </span>
     <span class='ocr_line' id='line_1_32' title="bbox 147 3186 1165 3266; baseline 0.001 -18"><span class='ocrx_word' id='word_1_248' title='bbox 147 3191 344 3265; x_wconf 89' lang='lat' dir='ltr'>obsequentem</span> <span class='ocrx_word' id='word_1_249' title='bbox 370 3192 492 3266; x_wconf 89' lang='lat' dir='ltr'>praebet.</span> <span class='ocrx_word' id='word_1_250' title='bbox 537 3190 607 3247; x_wconf 88' lang='lat' dir='ltr'>Sane</span> <span class='ocrx_word' id='word_1_251' title='bbox 631 3191 732 3246; x_wconf 85' lang='lat' dir='ltr'>Theod.</span> <span class='ocrx_word' id='word_1_252' title='bbox 760 3186 911 3266; x_wconf 73' lang='grc' dir='ltr'>διαγωγῆς</span> <span class='ocrx_word' id='word_1_253' title='bbox 939 3191 1069 3248; x_wconf 89' lang='lat' dir='ltr'>vocabulo</span> <span class='ocrx_word' id='word_1_254' title='bbox 1098 3210 1165 3250; x_wconf 90' lang='lat' dir='ltr'>usus</span> 
     </span>
     <span class='ocr_line' id='line_1_33' title="bbox 147 3267 1166 3353; baseline 0.001 -20"><span class='ocrx_word' id='word_1_255' title='bbox 147 3287 197 3333; x_wconf 91' lang='lat' dir='ltr'>est.</span> <span class='ocrx_word' id='word_1_256' title='bbox 238 3277 294 3333; x_wconf 91' lang='lat' dir='ltr'>Nisi</span> <span class='ocrx_word' id='word_1_257' title='bbox 316 3278 377 3352; x_wconf 90' lang='lat' dir='ltr'>quis</span> <span class='ocrx_word' id='word_1_258' title='bbox 399 3279 431 3334; x_wconf 90' lang='lat' dir='ltr'>ad</span> <span class='ocrx_word' id='word_1_259' title='bbox 453 3267 624 3353; x_wconf 81' lang='grc' dir='ltr'>περιφορὰν</span> <span class='ocrx_word' id='word_1_260' title='bbox 643 3275 716 3330; x_wconf 85' lang='lat' dir='ltr'>illem</span> <span class='ocrx_word' id='word_1_261' title='bbox 739 3276 856 3331; x_wconf 84' lang='lat' dir='ltr'>Deorum</span> <span class='ocrx_word' id='word_1_262' title='bbox 879 3285 906 3333; x_wconf 88' lang='lat' dir='ltr'>et</span> <span class='ocrx_word' id='word_1_263' title='bbox 928 3277 1166 3334; x_wconf 89' lang='lat' dir='ltr'>circumactionem</span> 
     </span>
     <span class='ocr_line' id='line_1_34' title="bbox 146 3361 1164 3436; baseline 0.003 -19"><span class='ocrx_word' id='word_1_264' title='bbox 146 3362 311 3418; x_wconf 85' lang='lat' dir='ltr'>Platonicam</span> <span class='ocrx_word' id='word_1_265' title='bbox 333 3363 484 3436; x_wconf 81' lang='lat' dir='ltr'>respexisse</span> <span class='ocrx_word' id='word_1_266' title='bbox 500 3361 688 3435; x_wconf 85' lang='lat' dir='ltr'>Carpocratem</span> <span class='ocrx_word' id='word_1_267' title='bbox 705 3361 847 3427; x_wconf 81' lang='lat' dir='ltr'>existimet,</span> <span class='ocrx_word' id='word_1_268' title='bbox 872 3362 904 3417; x_wconf 91' lang='lat' dir='ltr'>de</span> <span class='ocrx_word' id='word_1_269' title='bbox 919 3379 971 3434; x_wconf 88' lang='lat' dir='ltr'>qua</span> <span class='ocrx_word' id='word_1_270' title='bbox 987 3363 1014 3417; x_wconf 95' lang='lat' dir='ltr'>in</span> <span class='ocrx_word' id='word_1_271' title='bbox 1029 3362 1164 3421; x_wconf 89' lang='lat' dir='ltr'>Phaedro.</span> 
     </span>
    </p>

    <p class='ocr_par' dir='ltr' id='par_1_10' title="bbox 106 3440 1165 3695">
     <span class='ocr_line' id='line_1_35' title="bbox 106 3440 1165 3524; baseline 0.008 -25"><span class='ocrx_word' id='word_1_272' title='bbox 106 3450 136 3500; x_wconf 82' lang='grc'>11</span> <span class='ocrx_word' id='word_1_273' title='bbox 236 3451 293 3505; x_wconf 89' lang='grc'>104</span> <span class='ocrx_word' id='word_1_274' title='bbox 310 3467 334 3504; x_wconf 86' lang='lat' dir='ltr'>a.</span> <span class='ocrx_word' id='word_1_275' title='bbox 364 3444 546 3524; x_wconf 74' lang='grc' dir='ltr'>ἐπιχειροῦσι</span> <span class='ocrx_word' id='word_1_276' title='bbox 570 3440 617 3520; x_wconf 73' lang='grc' dir='ltr'>δὲ]</span> <span class='ocrx_word' id='word_1_277' title='bbox 649 3446 749 3502; x_wconf 85' lang='lat' dir='ltr'>Euseb.</span> <span class='ocrx_word' id='word_1_278' title='bbox 774 3451 832 3512; x_wconf 66' lang='lat' dir='ltr'>at</span> <span class='ocrx_word' id='word_1_279' title='bbox 858 3447 951 3503; x_wconf 86' lang='lat' dir='ltr'>scribit</span> <span class='ocrx_word' id='word_1_280' title='bbox 974 3447 1165 3520; x_wconf 81' lang='lat' dir='ltr'>Carpocratem</span> 
     </span>
     <span class='ocr_line' id='line_1_36' title="bbox 146 3530 1162 3607; baseline 0.008 -22"><span class='ocrx_word' id='word_1_281' title='bbox 146 3530 234 3602; x_wconf 90' lang='lat' dir='ltr'>palam</span> <span class='ocrx_word' id='word_1_282' title='bbox 263 3550 294 3588; x_wconf 89' lang='lat' dir='ltr'>ac</span> <span class='ocrx_word' id='word_1_283' title='bbox 322 3533 380 3589; x_wconf 89' lang='lat' dir='ltr'>sine</span> <span class='ocrx_word' id='word_1_284' title='bbox 409 3532 631 3607; x_wconf 86' lang='lat' dir='ltr'>tergiversatione</span> <span class='ocrx_word' id='word_1_285' title='bbox 660 3532 793 3588; x_wconf 84' lang='lat' dir='ltr'>maleficas</span> <span class='ocrx_word' id='word_1_286' title='bbox 821 3541 893 3588; x_wconf 90' lang='lat' dir='ltr'>artes</span> <span class='ocrx_word' id='word_1_287' title='bbox 916 3550 979 3604; x_wconf 90' lang='lat' dir='ltr'>prae</span> <span class='ocrx_word' id='word_1_288' title='bbox 1003 3550 1033 3587; x_wconf 90' lang='lat' dir='ltr'>se</span> <span class='ocrx_word' id='word_1_289' title='bbox 1056 3531 1162 3599; x_wconf 80' lang='lat' dir='ltr'>tulisse,</span> 
     </span>
     <span class='ocr_line' id='line_1_37' title="bbox 150 3605 1164 3695; baseline 0.004 -25"><span class='ocrx_word' id='word_1_290' title='bbox 150 3607 189 3670; x_wconf 78' lang='grc' dir='ltr'>Οἱ</span> <span class='ocrx_word' id='word_1_291' title='bbox 211 3611 261 3671; x_wconf 80' lang='grc' dir='ltr'>καὶ</span> <span class='ocrx_word' id='word_1_292' title='bbox 283 3619 338 3674; x_wconf 81' lang='grc' dir='ltr'>τοῦ</span> <span class='ocrx_word' id='word_1_293' title='bbox 360 3612 501 3692; x_wconf 82' lang='grc' dir='ltr'>Σίμωνος</span> <span class='ocrx_word' id='word_1_294' title='bbox 522 3608 578 3691; x_wconf 77' lang='grc' dir='ltr'>οὐχ</span> <span class='ocrx_word' id='word_1_295' title='bbox 601 3608 643 3683; x_wconf 79' lang='grc' dir='ltr'>ὡς</span> <span class='ocrx_word' id='word_1_296' title='bbox 657 3612 768 3684; x_wconf 77' lang='grc' dir='ltr'>ἐκεῖνος</span> <span class='ocrx_word' id='word_1_297' title='bbox 782 3608 930 3695; x_wconf 72' lang='grc' dir='ltr'>κρύβδην,</span> <span class='ocrx_word' id='word_1_298' title='bbox 954 3608 1019 3671; x_wconf 75' lang='grc' dir='ltr'>ἀλλ’</span> <span class='ocrx_word' id='word_1_299' title='bbox 1035 3605 1095 3692; x_wconf 76' lang='grc' dir='ltr'>ἤδη</span> <span class='ocrx_word' id='word_1_300' title='bbox 1112 3613 1164 3674; x_wconf 78' lang='grc' dir='ltr'>καὶ</span> 
     </span>
    </p>
   </div>
   <div class='ocr_carea' id='block_1_5' title="bbox 0 0 1272 4154">
    <p class='ocr_par' dir='ltr' id='par_1_11' title="bbox 0 0 1272 4154">
     <span class='ocr_line' id='line_1_38' title="bbox 0 0 1272 4154; baseline 0 1"><span class='ocrx_word' id='word_1_301' title='bbox 0 0 1272 4154; x_wconf 95' lang='lat' dir='ltr'> </span> 
     </span>
    </p>
   </div>
  </div>
 </body>
</html>
