2534 4154
425 331 715 381 leMdDVERSIONES.

308 535 351 590 All
375 535 543 593 HAERESlN
564 536 630 592 llllll
657 537 837 593 llENAlllllll.

145 655 184 710 lle
208 654 354 710 Menandro
378 655 490 711 Tertull.
513 656 547 711 de
569 655 691 712 Praescr.
716 674 739 712 o.
754 659 803 714 46.
840 657 907 712 Post
929 626 1085 713 tonstre-

66 743 172 798 nonder
195 741 349 812 onnputus
371 741 459 805 illins,
482 741 613 796 similiter
633 757 740 812 nopae,
765 744 862 797 eadem
882 743 987 807 dicens,
1012 759 1084 814 quoe

64 827 159 884 Simon
179 826 257 897 ipse:
281 825 413 896 quioquid
433 842 463 880 se
479 825 575 881 Simon
597 827 718 891 dianerat,
741 827 793 882 hoo
807 844 837 882 ee
852 827 1010 885 Menander
1025 844 1084 884 esee

64 913 182 973 dicebat,
205 926 312 981 nepano
334 909 437 965 hebere
460 926 618 982 quenquam
637 928 722 982 posse
744 914 878 977 salutem,
902 913 959 968 nisi
980 913 1011 967 a'n
1032 930 1084 968 no-

62 999 134 1053 nn'ne
157 1012 209 1050 ouo
232 995 392 1067 baptizatus
413 997 521 1067 fuisset.
553 995 616 1051 Vide
633 995 732 1051 Euseb.
749 997 817 1052 Hist.
835 999 862 1063 3,
877 999 927 1055 20
950 997 1083 1053 lustinum

62 1082 139 1155 Apol.
158 1081 186 1137 2.
209 1081 334 1177 Augpst.
349 1080 461 1137 Philast.
485 1089 537 1136 etc.

149 1164 229 1222 60d.
261 1152 295 1231 ὅς
316 1155 425 1219 ἀπὸ
400 1161 603 1240 Σαμαρειτῶν
625 1183 674 1240 op
662 1183 712 1238 ιω
704 1155 814 1239 aanor]
853 1167 988 1223 lustinus:
1020 1158 1082 1223 ἀπὸ

63 1241 168 1345 κώμης
196 1245 449 1325 Καππαρεταίϊις.
494 1250 698 1306 Theodoretus:
733 1241 793 1307 ἀπὸ
816 1248 954 1328 Χαβραῖ
979 1245 1084 1326 κώμης

62 1324 143 1392 odem
165 1328 303 1390 nulov¹
262 1350 362 1408 μένης.

148 1421 228 1477 fila.
258 1409 370 1476 ἑαυτὸν
392 1411 425 1474 δὲ
447 1411 526 1493 {layo
550 1410 693 1494 δύναμιν]
717 1421 797 1494 Atqui
819 1421 888 1476 lren.
912 1423 986 1486 1,21
1014 1421 1083 1478 sori-

62 1505 100 1561 hit
112 1503 291 1560 Menandrum
307 1505 404 1559 dixisse
420 1504 532 1577 primam
547 1505 673 1560 virtutem
690 1506 853 1579 incognitam
870 1505 995 1561 omnibus
1011 1514 1081 1571 esse,

63 1608 90 1646 se
111 1606 177 1646 vero
201 1589 234 1644 ad
256 1590 396 1644 hominum
419 1589 534 1644 salutem
556 1589 589 1644 ab
612 1591 721 1664 Angelis
745 1608 805 1646 esse
827 1591 948 1646 missum.
991 1591 1083 1659 Quare

63 1692 115 1731 nou
137 1665 275 1750 μεγάλην
296 1674 366 1730 illam
390 1691 419 1730 se
442 1691 502 1730 esse
518 1665 648 1748 δύναμιν
669 1677 820 1731 asseruisse
840 1675 961 1740 videtur,
985 1685 1016 1731 ut
1040 1675 1084 1748 ip-

64 1760 116 1817 sius
146 1759 276 1833 magister
305 1768 331 1815 et
360 1759 461 1815 erroris
490 1759 670 1824 architectus,
701 1760 749 1815 sed
778 1761 910 1816 minorem
939 1763 1082 1835 quandam.

65 1845 140 1914 Quod
163 1853 191 1900 et
212 1843 313 1900 diserte
336 1844 470 1899 Theodor.
494 1844 599 1900 asserit.
633 1836 763 1902 Εαυτὸν
783 1839 826 1916 dd,
850 1846 945 1918 inquit,
970 1837 1006 1901 οὐ
1029 1837 1085 1920 τὴν

64 1923 205 2028 πρώτην
215 1919 355 2002 ὠνόμασε
384 1919 528 2002 δύναμιν·
559 1920 716 2005 ἄγνωστον
744 1923 803 2006 γὰρ
833 1924 929 2008 ἔφησε
951 1921 1082 2004 ταύτην·

66 2006 161 2070 ἀλλ’ε
143 2033 188 2070 vn
186 2005 326 2088 ἐκείνης
338 2004 532 2070 απεσῑαλθαι
554 2008 794 2091 βρενθυόμενος.
825 2016 946 2085 Quod
926 2035 948 2072 si
971 2017 1007 2072 ita
1031 2025 1081 2080 est,

63 2101 104 2175 qui
127 2115 224 2155 verum
246 2115 307 2154 esse
330 2107 435 2171 potest,
465 2099 538 2173 quod
562 2100 670 2156 subiicit
692 2100 872 2173 Epiphanius,
902 2101 1030 2157 maiorem
1053 2118 1083 2157 se

63 2183 239 2242 Menandrum
261 2192 434 2239 antecessore
457 2201 507 2239 suo
530 2201 561 2240 ao
582 2195 759 2258 praeceptore
777 2184 912 2242 iactasse?
942 2186 997 2240 Nisi
1013 2187 1082 2241 lorte

62 2270 194 2327 mendacii
222 2269 272 2324 lrao
300 2268 325 2322 in
349 2279 426 2341 parte
449 2269 585 2324 Simonem
609 2287 741 2342 arguens,
772 2287 889 2342 eumque
911 2270 938 2325 in
961 2270 1084 2326 ordinem

62 2355 206 2428 redigens,
241 2352 292 2408 sibi
315 2353 365 2426 ipsi
389 2354 522 2409 inferioris
545 2354 616 2410 illius
639 2346 798 2425 δυνάμεως
818 2371 918 2410 nornen
941 2371 971 2410 ao
994 2353 1085 2427 digni-

60 2445 144 2498 tatem
173 2437 316 2511 arrogavit.
363 2438 448 2506 Quem
477 2439 511 2493 ad
536 2456 646 2494 sensum
669 2439 818 2493 revocanda
840 2447 904 2493 sunt
927 2438 1084 2494 Tertulliani

59 2525 158 2591 rerba3
182 2532 213 2579 ut
235 2522 297 2596 quia
320 2515 451 2595 δύναμιν
465 2540 494 2578 se
510 2540 571 2578 esse
586 2522 701 2586 dieehat,
726 2522 777 2577 etsi
793 2540 847 2579 non
864 2523 985 2588 eandem,
1002 2523 1083 2598 quani

56 2607 165 2673 Simon,
189 2608 419 2681 praeseferret,
443 2607 513 2662 idem
537 2608 569 2662 de
592 2625 621 2663 se
644 2607 783 2680 professus
806 2607 890 2663 luisse
912 2609 1026 2665 dicatur.

146 2689 190 2759 alc
211 2684 246 2749 τὸ
268 2681 386 2749 ἑαυτῶν
413 2682 594 2770 μυστήριον]
629 2692 764 2747 Privatum
793 2693 928 2765 quoddam
956 2694 1085 2767 Baptismi

51 2795 148 2852 genus
164 2778 310 2833 Menander
332 2777 435 2841 habirit,
460 2795 513 2850 quo
536 2779 582 2851 qui
605 2776 700 2832 initiati
724 2787 816 2833 essent
838 2779 1003 2835 immortales
1026 2780 1084 2836 lora

52 2861 108 2922 hac
133 2863 162 2918 in
186 2863 236 2918 vita
258 2871 440 2935 persuaserat.
472 2863 591 2918 lustinus
613 2862 691 2935 Apol.
711 2864 738 2926 2,
763 2863 898 2925 lrenaeus.
923 2864 1065 2920 Eusebius.

149 2950 185 3004 61
207 2965 230 3003 o.
262 2949 434 3024 στραφεῖσα
457 2937 545 3022 αὕτη,
569 2943 618 3002 καὶ
641 2941 703 3003 ἀπὸ
727 2949 781 3023 τῆς
802 2942 925 3024 κέρκου]
949 2949 993 3005 Sic
1011 2947 1083 3021 apud
1093 2943 1122 2994 4²

52 3031 234 3108 Spartianum
257 3032 284 3087 in
306 3032 443 3087 Antonino
466 3033 529 3088 Pio:
558 3032 636 3090 Vnus
658 3041 699 3088 est
719 3034 750 3088 in
772 3032 882 3089 Arabio
902 3035 1015 3089 iubatus
1030 3049 1082 3087 an-

54 3120 124 3189 quis
144 3118 239 3172 maior
260 3117 360 3181 solitis,
384 3119 431 3189 pul
452 3133 482 3172 ee
503 3135 523 3172 o
544 3120 640 3174 condo
660 3118 780 3198 medium
802 3119 928 3173 eomedit.

230 3337 272 3392 dl)
297 3336 463 3392 HAERESIN
485 3337 563 3393 lllllll
588 3336 915 3394 SATURNlleNORUM.

146 3457 296 3512 duthorom
312 3454 436 3512 Haeresis
460 3456 537 3512 istius
552 3455 738 3512 Saturninum
754 3455 879 3510 lrenaeus
903 3453 1027 3527 appellat,
1052 3462 1084 3508 ut

68 3551 95 3599 et
121 3541 284 3597 Philostrius
313 3549 394 3615 atque
415 3541 593 3614 Augustinus.
637 3541 756 3598 lustinus
786 3555 849 3595 vero
879 3538 990 3613 dialogo
1022 3555 1084 3596 cum

66 3625 260 3702 Tryphoneet
281 3626 469 3682 Theodoretus
491 3625 675 3682 Saturnilunr.
