2534 4154
108 347 216 391 1111111
472 342 585 392 eetlvtt
604 344 775 396 utolctrto.

108 501 242 573 origines,
272 496 488 570 progressiones,
513 498 708 571 proprietates,
732 517 844 557 casuum
865 510 947 574 atque
969 511 1129 559 eventorum

109 583 244 656 exempla,
268 591 327 638 turn
349 578 466 638 remedia
489 582 633 656 diligenter
654 584 682 639 in
703 584 779 642 libris
801 595 946 651 notarunt,
971 604 1039 659 quae
1063 588 1128 643 dum

107 669 210 744 posteri
238 668 348 740 legunt,
378 675 471 722 contra
493 668 554 723 illos
576 668 651 741 ipsos
673 670 760 726 alieno
782 688 811 726 se
835 688 885 726 usn
909 672 1129 745 experientiaque

108 754 277 810 confirmant.
308 753 346 806 lta
369 750 456 816 nobis,
480 752 579 825 quibus
601 754 738 809 assiduum
762 765 804 811 est
825 757 919 812 iisdem
942 773 1002 812 cum
1025 760 1130 813 errori·

108 839 176 903 bus,
200 838 272 893 velut
295 835 396 891 morbis
420 853 451 892 ex
473 837 614 893 intervallo
637 840 907 906 recrudescentibus,
937 859 968 897 33
990 842 1041 896 iarn
1065 851 1129 898 ante

77 930 79 935 ’
109 923 234 997 cognitis,
258 931 395 977 certamen
416 920 578 986 ineundum,
606 923 687 978 utiles
709 934 773 980 sunt
795 927 979 982 commentarii
1002 927 1130 1000 antiqua·

77 1018 80 1033 ¹
108 1026 170 1065 rum
191 1007 354 1069 iiaeresum:¹
385 1006 537 1079 exquibus
560 1024 614 1062 non
638 1025 729 1063 earnm
753 1009 833 1066 modo
857 1011 977 1066 notitiam
1001 1011 1130 1084 adipisci·

108 1111 185 1159 mur,
209 1093 257 1149 sed
280 1092 312 1147 ad
334 1092 392 1147 illas
416 1093 511 1157 etiam,
536 1091 581 1147 ubi
603 1103 712 1148 renatae
735 1093 843 1159 scierint,
867 1095 1057 1169 profligandas,
1081 1113 1129 1152 ea-

110 1182 170 1237 dem
192 1194 317 1252 paramus
339 1176 443 1242 auxilia,
467 1176 575 1250 quibus,
600 1179 798 1252 cumprimum
821 1190 1013 1245 nascerentur,
1038 1181 1130 1236 extin-

112 1273 171 1320 ctae
191 1271 265 1319 sunt.
855 1325 857 1331 Ι

195 1349 253 1417 Quo
282 1347 308 1402 in
337 1363 438 1420 genere
467 1363 528 1402 eum
556 1346 703 1401 multorum
726 1347 835 1403 Petrum
863 1349 972 1422 egregie
995 1350 1030 1404 sit
1051 1348 1131 1406 labor

110 1451 140 1490 ec
169 1451 230 1490 cum
259 1433 339 1488 laude
366 1442 503 1496 versatum
534 1447 613 1503 quem
644 1439 674 1485 tu
703 1439 807 1495 tamen,
836 1434 891 1488 sive
913 1434 1049 1506 diligentia
1074 1435 1130 1490 sive

108 1519 235 1576 ubertate
258 1517 416 1574 eruditionis
439 1531 469 1571 ae
492 1515 577 1587 copia,
602 1533 663 1571 cunr
679 1515 828 1589 Epiphanio
852 1518 984 1583 conseras,
1007 1519 1130 1590 reperies

109 1622 142 1660 er
165 1604 238 1660 omni
259 1601 418 1673 antiquitate
441 1601 585 1655 neminem.
627 1600 685 1655 Non
709 1604 779 1657 enirn
803 1602 847 1658 ille
869 1602 977 1659 brevem
1000 1603 1131 1661 duntaxat

108 1692 263 1746 Haereseon
285 1685 402 1742 indicem
424 1694 594 1740 caeterorum
616 1701 692 1740 more
708 1688 877 1759 conseripsit,
901 1689 1129 1760 quemadmodum

108 1775 285 1846 Augustinus,
303 1770 471 1832 Philastrius,
488 1769 677 1842 Hieronymus,
690 1771 880 1836 damascenus,
896 1774 1032 1846 copiosius
1049 1773 1131 1829 etiem

110 1859 309 1919 Theodoretns,
332 1864 413 1926 atque
436 1855 479 1909 alii
499 1855 652 1926 complures
669 1855 854 1920 instituerunt,
878 1874 929 1913 nec
945 1859 1051 1913 illorum
1067 1867 1132 1913 tan·

109 1940 249 1998 tummodo
273 1939 414 2012 opiniones
437 1957 467 1994 33
489 1939 623 2012 dogmata,
648 1957 692 1995 res
715 1942 793 1997 etiam
811 1941 843 1996 ab
860 1959 951 1998 earum
968 1941 1129 1999 mulieribus

109 2043 140 2082 ao
162 2021 328 2099 principibus
351 2033 442 2095 gestas
464 2025 665 2080 accuratissime
680 2027 833 2099 proposuit.
863 2027 916 2083 Sed
932 2027 1031 2100 quibus
1047 2028 1129 2085 armis

109 2112 222 2184 insuper
243 2118 289 2164 aut
310 2108 415 2165 illarum
438 2109 583 2182 petitiones
605 2109 712 2182 depelli,
736 2119 782 2166 aut
804 2111 918 2167 vicissim
935 2112 994 2168 illae
1009 2113 1066 2185 peti
1081 2130 1132 2168 ex·

110 2197 279 2272 pugnarique
302 2203 424 2267 possent,
447 2192 584 2250 uberrime
602 2195 812 2270 doctissimeque
827 2197 995 2253 monstrarit.
1026 2198 1130 2265 Quibus

110 2284 190 2339 etiam
213 2283 246 2337 de
262 2280 365 2336 caussis
380 2269 552 2354 Πανάριον,
575 2279 640 2344 sive,
663 2289 694 2335 ut
708 2282 865 2337 Anastasius
881 2283 980 2338 Sinaita
996 2283 1022 2336 in
1040 2283 1132 2351 Quae-

110 2367 244 2424 stionibus
266 2382 297 2421 ac
312 2365 425 2421 Plintius
447 2364 633 2420 cumGraecis
655 2365 713 2421 allis
737 2366 827 2431 habet,
850 2361 1008 2441 Πανάρια,
1031 2367 1058 2422 id
1077 2377 1128 2433 est,

108 2455 245 2509 medicam
268 2468 380 2515 333333,
405 2451 459 2506 sive
482 2452 682 2522 caprulanae
705 2451 827 2516 11133333,
851 2452 1008 2525 opus-illud
1030 2452 1131 2508 inseri—

109 2539 173 2611 psit,
197 2546 228 2592 ut
250 2537 276 2590 in
300 2554 332 2591 33
356 2537 487 2592 sciremus
510 2546 603 2593 contra
627 2537 780 2592 mortiferos
803 2554 834 2593 ac
851 2547 997 2593 venenatos
1014 2553 1130 2610 serpen-

110 2623 177 2677 tium
206 2637 329 2684 morsus,
359 2621 481 2692 adeoque
510 2622 620 2677 morbos
643 2638 737 2676 omnes
760 2622 923 2688 Haeresum,
953 2622 1129 2678 saluberrima

110 2705 228 2761 remedia
252 2705 394 2759 contineri.
747 2734 749 2738 ·

195 2788 327 2856 Quocirca
353 2804 484 2859 persaepe
506 2804 566 2842 sum
589 2788 713 2860 equidem
735 2790 916 2861 tergestinum
939 2788 1132 2847 vehementer·

109 2891 164 2948 que
186 2874 313 2936 miratus,
342 2872 389 2945 qui
416 2873 442 2925 in
465 2871 534 2926 libro
559 2872 593 2926 de
615 2871 777 2927 Haeresihus
801 2874 833 2928 ad
856 2873 934 2940 Quod
956 2874 1011 2928 vult
1033 2874 1129 2941 Beum,

110 2975 171 3016 eum
200 2957 342 3031 Epiphanii
371 2956 506 3020 meminit,
537 2957 604 3011 haee
632 2956 664 3010 de
694 2955 738 3010 illo
767 2957 794 3012 in
822 2956 991 3012 Praelatione
1019 2960 1128 3030 posuit:

110 3044 214 3102 Noster
234 3057 301 3097 3333
323 3041 503 3114 Epiphanius
527 3039 645 3112 Cyprios
660 3041 817 3112 Episcopus
839 3041 941 3096 3113133
966 3058 1024 3097 non
1047 3044 1130 3116 longe

109 3130 241 3186 13333313
269 3129 354 3182 rebus
382 3134 539 3198 ememptus,
570 3127 604 3180 de
632 3126 773 3196 octoginta
801 3127 976 3182 Haeresibos
1004 3130 1128 3201 loquens,

108 3232 162 3270 see
191 3216 278 3271 libros
307 3214 391 3267 311333
414 3212 595 3283 consempsit,
621 3211 759 3266 1313133133
780 3213 946 3266 3333311333
969 3229 1130 3270 commento·

109 3316 181 3356 3333
201 3300 306 3362 omniu,
329 3299 411 3353 33113
433 3297 623 3369 disputatione
645 3298 782 3351 adversus
803 3297 960 3368 [3131131333
978 3315 1034 3371 pro
1055 3301 1129 3354 3331-

109 3393 168 3440 1313
196 3387 353 3439 3133331333.
397 3382 502 3437 Breues
531 3395 601 3436 3333
627 3389 692 3436 suat
714 3381 745 3436 bi
766 3383 869 3447 libelli,
898 3390 924 3437 et
946 3385 1024 3439 3113
1044 3400 1130 3439 onum

110 3470 239 3526 1113311333
265 3469 444 3539 redigantur,
472 3481 524 3522 333
550 3468 612 3537 ipse
634 3467 687 3520 3311
707 3467 827 3532 3331313,
856 3469 901 3523 331
924 3470 1130 3541 3113333331-

112 3555 230 3610 besdum
251 3554 332 3610 libris
354 3553 528 3624 longitudine
549 3553 767 3623 comparandus.
803 3554 897 3608 Huius
919 3555 1083 3608 brevitatem
1103 3555 1130 3608 31

110 3640 193 3712 suero
213 3640 245 3693 13
266 3638 515 3693 commemorandis
530 3636 706 3693 Haereribos
726 3638 862 3709 1331131333,
885 3640 955 3709 quid
975 3654 1050 3693 3333
1065 3641 1129 3709 bre·
