2534 4154
509 296 801 390 auiuaovnasiouns.
1106 331 1168 394 tao

156 502 160 511 ’
228 495 311 570 Atqui
333 511 364 550 ex
386 493 528 567 Epiphanii
550 495 656 550 ratione
679 495 845 568 colliguntur
867 496 930 553 anni
953 497 1082 556 duntaxat
1102 504 1165 561 942

121 588 165 632 ἃ
183 579 285 637 biluvio
307 579 341 636 ad
362 578 488 635 Abraami
510 588 609 635 ortam.
636 579 792 637 llillerentia
815 589 858 637 est
874 598 1007 638 annorum
1024 586 1096 651 230,
1119 589 1167 662 qul

135 660 173 722 'in
193 665 262 722 11111
272 665 417 721 Saniorum
440 663 565 720 Editione
588 682 621 720 ea
646 667 705 721 tao
725 664 824 721 Cainan
847 674 875 721 et
896 669 1019 724 centonis
1035 670 1166 728 Nachoris

128 758 322 824 consurgunt.
353 749 439 823 Vulgo
463 749 535 804 enim
556 749 664 805 Nachor
690 752 747 807 179
770 749 939 817 tribuuntur,
962 752 995 808 ab
1014 754 1167 829 Epiphanio

143 852 206 895 aero
231 839 281 894 aa.
326 836 360 891 tt
381 850 445 890 vero
467 833 495 889 in
517 833 689 891 Praelatione
711 834 793 890 huius
815 836 906 908 operis
929 845 958 893 et
979 832 1012 893 in
1028 842 1166 898 Ancoratu

140 938 168 998 p.
181 921 240 979 118
263 919 371 977 easdem
393 918 451 975 ibas
472 912 577 994 γενεὰς
597 927 741 992 perteaeus
764 919 865 983 Cainan
886 921 1011 979 inseruit.
1042 925 1076 981 Ut
1098 925 1166 984 illud

140 1014 279 1083 appareat,
302 1004 369 1059 Lxx
391 1004 535 1060 Saniorum
558 1003 705 1060 editionem
727 1005 779 1060 hac
800 1005 827 1060 in
850 1016 928 1078 parte
950 1008 1048 1065 variam
1072 1020 1099 1067 et
1120 1005 1166 1066 111-

138 1090 303 1167 tarpulatam
325 1089 419 1146 luisse.
449 1087 515 1143 Nam
537 1088 581 1144 alii
603 1088 710 1145 codices
727 1088 826 1144 Cainan
848 1090 1025 1159 asciscebant,
1050 1095 1094 1150 alii
1117 1113 1166 1152 ex-

136 1175 313 1254 pungebant,
344 1174 478 1246 siquidem
510 1174 581 1246 apud
609 1173 757 1229 Eusebium
784 1173 855 1230 Edit.
885 1173 1004 1233 Graecae
1030 1182 1094 1253 119
1132 1198 1165 1238 en

135 1261 266 1319 atil-icano
288 1268 316 1316 et
337 1259 403 1315 Lxx
425 1258 632 1331 interpretibus,
656 1275 707 1314 nec
730 1275 785 1314 non
801 1276 840 1315 ex
862 1259 1092 1319 Samaritanorum
1107 1265 1165 1322 lle·

137 1346 238 1404 braiuis
261 1342 459 1417 exemplaribus
481 1343 510 1398 in
532 1344 614 1399 huius
628 1343 804 1417 genealogiae
819 1352 948 1419 contextu
964 1346 1063 1403 Cainan
1079 1350 1165 1405 omis-

96 1462 103 1475 ·
140 1445 187 1490 ans
210 1440 263 1496 est,
287 1444 493 1486 necandorum
515 1445 619 1484 summa
642 1431 703 1486 942
727 1428 832 1485 excedit
853 1428 983 1486 adiluvio
998 1432 1031 1487 ad
1047 1433 1164 1491 natalem

138 1515 281 1574 Abraami:
310 1521 378 1589 quot
406 1513 530 1569 videbcet
557 1530 643 1569 annos
666 1513 832 1587 Epiphanius
861 1515 915 1570 hoe
943 1515 1004 1573 loco
1027 1526 1186 1583 numerat„

140 1604 230 1673 Quare
250 1599 398 1656 Eusebium
419 1597 465 1672 laic
488 1598 596 1672 quidem
619 1607 730 1654 secutus
753 1607 805 1654 est.

225 1686 263 1742 lle
279 1684 397 1740 Cainano
418 1693 497 1739 vetus
520 1692 563 1739 est
584 1684 716 1756 quaestio,
740 1700 811 1756 quae
832 1700 847 1739 a
869 1685 1069 1743 recentioribus
1091 1687 1163 1743 varie

139 1769 286 1846 disceptari
314 1769 394 1825 solet.
439 1768 503 1824 llihi
531 1769 790 1842 praetermittendus
818 1769 928 1826 omnino
951 1771 1070 1837 videtur,
1100 1789 1163 1829 oum

138 1873 191 1915 nec
207 1856 234 1913 in
250 1853 382 1911 Hebraico
397 1853 518 1917 veritate,
541 1870 593 1909 nec
608 1854 636 1908 in
651 1853 807 1909 Latinorum
824 1854 943 1911 editione
959 1863 1031 1913 extet
1046 1856 1162 1931 uspiam.

139 1943 219 2013 Quod
241 1940 312 1996 enim
334 1938 428 1994 vitium
449 1938 476 1993 in
499 1936 638 1995 hebraeos
665 1938 772 1994 codices
793 1939 937 2012 irrepsisse
960 1942 1083 1998 nonnulli
1105 1952 1165 1999 sta-

138 2033 246 2092 tuunt,
263 2024 345 2080 nimis
372 2024 425 2079 hoc
453 2023 541 2080 otiose
562 2023 684 2096 fingitur.
728 2025 817 2081 Lucae
838 2026 990 2082 authoritas
1011 2028 1162 2101 grauiorem

138 2113 202 2170 lacit
229 2107 451 2168 controversiam.
496 2108 549 2164 Sed
575 2118 603 2164 et
624 2109 689 2164 huie
710 2125 726 2164 a
747 2109 799 2182 piis
822 2118 849 2166 et
872 2111 985 2167 eruditis
1009 2113 1070 2167 viris
1092 2113 1214 2174 iam-223

136 2197 244 2274 pridem
273 2194 439 2251 satisfactum
470 2203 521 2249 est.
568 2194 634 2249 Cum
664 2193 734 2249 enim
758 2195 923 2250 Graecorum
952 2196 1060 2252 codices
1080 2197 1161 2270 vulgo

138 2282 286 2340 Cunarum
308 2277 476 2343 exhiberent,
500 2278 595 2344 Lucas,
619 2278 666 2351 qui
682 2278 790 2334 Graecis
813 2278 959 2343 scribebat,
983 2296 1038 2336 non
1055 2280 1163 2338 aliunde

86 2360 90 2371 '
137 2365 324 2443 genealogiam
357 2364 437 2419 istam
467 2379 547 2437 qnam
577 2379 609 2418 ex
630 2362 739 2418 illorum
760 2362 836 2418 bbris
859 2363 1016 2436 exscripsit,
1045 2364 1163 2438 ideoque

90 2522 93 2527 Ι
138 2462 167 2511 et
189 2451 337 2510 (laiuanum
358 2447 483 2512 inseruit,
507 2464 589 2520 quem
611 2447 634 2502 si
656 2446 757 2519 alioqui
779 2447 1020 2520 praetermitteret,
1045 2449 1162 2507 Graecos

88 2530 111 2593 ’ἓ
136 2538 214 2613 ipsos
243 2534 403 2592 offenderet.
448 2530 547 2600 Quare
566 2531 633 2587 nibil
655 2531 814 2587 alterutram
836 2532 863 2587 in
885 2541 992 2606 partem
1014 2534 1161 2602 affirmans,

138 2640 206 2700 quas
227 2622 256 2677 in
272 2620 373 2676 Graeca
396 2617 514 2674 editione
536 2615 729 2690 generationes
750 2627 898 2689 repererat,
922 2617 1081 2692 simpliciter
1097 2621 1164 2678 red-

107 2707 214 2775 -3,‚didit.
259 2701 492 2774 Quemadmodum
515 2702 538 2757 si
566 2702 627 2776 quis
655 2700 804 2774 Aethiopas
827 2701 991 2760 Catholioam
1020 2706 1054 2761 ad
1080 2705 1163 2764 fldem

114 2792 290 2873 -·J,perducere
311 2789 414 2852 volens,
438 2804 533 2861 regum
548 2785 656 2842 illorum
671 2786 874 2844 successionem
890 2804 922 2845 ex
936 2789 1052 2864 vulgatis
1068 2808 1163 2849 eorum

134 2875 287 2937 aradibus
316 2881 489 2947 excerperet,
517 2871 627 2928 tametsi
655 2871 788 2946 quispiam
817 2873 941 2930 intrusus
968 2876 995 2930 in
1018 2893 1163 2933 numerum

132 2962 243 3028 inisset,
266 2976 331 3016 non·
344 2959 412 3015 baeu
434 2956 564 3014 Catholici
579 2956 736 3031 Scriptoris,
759 2959 808 3014 aed
830 2959 1006 3024 historiarum
1028 2969 1056 3017 et
1070 2963 1164 3016 Anna·

134 3046 203 3107 hum
231 3063 293 3103 esse
321 3044 401 3117 culpa
430 3044 597 3099 crederetur,
641 3041 700 3098 Hoc
728 3059 780 3118 ego
809 3059 871 3100 cum
901 3044 1026 3100 Perrerio
1055 3043 1161 3109 nostro,

136 3132 277 3197 lansenio,
302 3127 493 3193 Genebranlo,
516 3127 630 3201 aliisque
653 3127 740 3186 doctis
763 3136 791 3185 et
811 3128 864 3202 piis
886 3127 1072 3202 scriptoribus
1094 3145 1163 3256 pro-

135 3216 227 3321 babile
251 3228 360 3273 censeo.

223 3304 326 3360 473a.
347 3290 443 3375 Ἔβερ
473 3290 507 3354 δὲ
531 3297 620 3378 γεννᾶ
646 3289 701 3354 τὸν
725 3272 841 3369 motta]
885 3296 1013 3353 blondum
1040 3306 1162 3362 estnon

135 3384 288 3465 Epiphanii,
322 3383 371 3441 sed
392 3382 523 3438 librarii'
516 3400 543 3437 in
566 3398 743 3438 numerorum
765 3390 839 3438 nou.
880 3381 945 3457 Eeg.
969 3383 1061 3459 itaque
1084 3377 1209 3463 ρλδζνσ.

136 3478 182 3532 ut
189 3484 225 3531 ex
246 3469 373 3547 sequenti
394 3467 555 3525 collectione
577 3467 722 3565 perspicue
744 3473 1156 3522 conatae·

200 3559 325 3618 stac.
356 3544 435 3609 κατὰ
457 3545 490 3606 da*
511 3553 623 3630 ψῆφον
644 3542 746 3607 ἄλλων
767 3544 977 3631 ἀντιγράφων]
1023 3552 1161 3635 Quaenam

135 3646 197 3707 illa
202 3643 259 3703 aiut
281 3637 452 3714 exemplaria,
476 3652 545 3711 quae
568 3636 601 3694 ab
623 3644 687 3694 ortu
701 3635 767 3695 Sem
789 3636 839 3694 ad
846 3639 885 3697 89
909 3638 951 3696 vel
967 3640 1006 3699 to
1024 3630 1161 3708 hbraami,

956 3737 1010 3789 12*
1135 3746 1137 3750 '
