2534 4154
485 332 774 385 nurniouensronns.
1080 322 1142 386 llll

109 488 184 545 -loco
211 488 276 545 fecit
296 488 471 562 Epiphanius.
516 489 549 545 m
577 499 651 547 certe
673 491 978 564 Syromacerlonicorum
1004 492 1139 551 mensium

113 573 190 630 alius
218 573 246 629 in
275 590 347 630 anno
379 575 483 630 iuliano
521 576 589 631 situs
620 594 701 650 quam
728 576 961 633 Macedonicorum
988 575 1053 641 luit,
1083 592 1140 635 nun

23 723 25 730 p
120 658 205 716 modo
226 665 357 724 veterum,
380 676 449 733 quos
471 660 592 716 Lunares
613 662 697 717 fnisse
720 663 897 736 suspicamur,
921 661 969 717 sed
991 661 1070 717 etiam
1092 677 1141 720 rn-

121 743 284 808 muliorum,
308 761 339 800 ac
360 743 484 801 brorum.
514 747 552 801 Ac
573 747 757 819 posteriorum
780 748 898 820 quidem,
921 747 974 802 hoc
997 745 1141 804 cstblace-

107 829 292 893 -rlonicorum,
316 829 387 903 apud
409 830 535 904 antiquos
557 832 642 886 series
665 831 781 887 obscura
803 841 845 887 est
865 848 897 887 ac
919 830 1050 896 difficilis„
1066 829 1141 906 qnod

121 915 210 971 deca
232 914 304 970 varie
320 915 544 988 praestantissimi
559 915 707 989 scriptores
723 916 890 972 existimasse
905 915 1055 976 uideantur.
1084 915 1141 973 Son

120 998 222 1055 omissa
241 998 325 1055 modo
347 1000 515 1072 quaestione,
539 1000 580 1056 vel
602 1001 629 1056 in
651 1001 723 1056 aliud
744 1002 835 1073 potius
858 1001 938 1056 dilata
959 1009 1077 1074 tempus,
1099 999 1153 1063 sic.

120 1083 233 1140 omniuo
256 1093 362 1140 statuo:
390 1085 541 1158 principem
562 1085 696 1141 mensium
718 1085 804 1140 bourn
827 1086 961 1150 extitisse,
985 1086 1032 1158 qui
1052 1085 1142 1143 Hecu-

110 1167 279 1225 -tombaeoni
300 1169 487 1243 responderit,
511 1169 584 1243 quod
605 1171 632 1225 in
654 1170 797 1226 Alexandri
818 1172 871 1226 vita
894 1178 1010 1226 testatur
1031 1168 1142 1227 Plutar-

121 1254 200 1310 chus.
232 1253 348 1310 Galenus
371 1270 480 1327 quoque
503 1255 530 1309 in
553 1255 595 1312 l.1
621 1255 741 1328 llpidem.
764 1256 965 1330 aequinoctium
984 1254 1141 1313 autumnale

121 1331 202 1394 κατὰ
223 1332 281 1414 τὴν
302 1330 399 1415 ἀρχὴν
419 1340 476 1395 τοῦ
495 1333 577 1394 Δίου
599 1333 696 1414 μηνὸς
717 1339 775 1395 lieri
797 1340 914 1412 scripsit,
940 1340 1051 1394 ineunte
1072 1346 1140 1395 vcro

120 1423 234 1487 Peritio,
257 1423 409 1480 solstitium
430 1424 589 1480 hibernum:
613 1424 813 1497 aequinoctium
834 1440 961 1488 vernum,
984 1422 1139 1488 Artemisio,

122 1507 254 1564 aestivum
277 1508 443 1574 Solstitium,
466 1511 532 1565 Loo.
573 1510 651 1578 Quod
673 1509 714 1565 vel
736 1510 768 1565 dc
790 1509 899 1565 Iulianis
929 1525 959 1565 ac
980 1507 1039 1562 fixis
1060 1523 1141 1565 men*

122 1591 199 1649 sibus
221 1593 306 1666 accipi
327 1601 433 1666 potest,
462 1595 504 1650 vel
530 1595 563 1650 de
585 1595 752 1659 lunaribus,
783 1611 815 1650 eo
838 1593 960 1650 videlicet
982 1609 1080 1656 sensu,
1107 1598 1141 1648 ut

122 1676 174 1734 sub
197 1687 316 1752 quatuor
335 1678 396 1734 illos
419 1679 481 1735 anni
504 1679 626 1735 cardines
647 1679 761 1735 totidem
783 1678 821 1735 illi
838 1695 947 1734 mensos
961 1677 1063 1736 incant,
1086 1675 1142 1733 lta-

122 1770 167 1818 vet
193 1762 257 1819 b'uic
283 1763 455 1819 coniecturae
476 1764 624 1837 Iosephus,
653 1765 699 1836 qui
720 1781 853 1838 persaepe
875 1762 1036 1819 Xanthicum
1058 1761 1141 1821 Nisei
1209 1767 1212 1772 “

122 1864 184 1904 esse
213 1847 293 1912 dicit,
322 1857 355 1904 ut
382 1848 528 1921 Orig.1,3
552 1859 579 1905 et
602 1851 629 1914 3,
647 1850 664 1906 u
682 1858 709 1905 et
728 1852 781 1914 10,
810 1849 879 1905 libro
908 1864 971 1903 vcro
996 1847 1060 1910 8‚2
1089 1845 1142 1903 lior

121 1948 183 1988 curn
198 1932 343 1989 Artemisio
365 1934 519 2006 componit:
542 1933 612 1989 libro
636 1936 664 1999 8,
683 1937 699 1992 3
716 1934 965 2007 Hyperberetaeum
981 1949 1042 1988 cum
1055 1929 1151 1992 'l'isria

122 2016 202 2072 bium
231 2034 294 2073 cum
321 2017 511 2074 blanchesuvan
534 2018 552 2075 1.
572 2021 598 2084 1,
616 2021 644 2076 3.
680 2019 794 2075 Cbasleu
817 2036 879 2075 cum
901 2018 1028 2091 Apellaeo
1055 2017 1141 2080 lm,

122 2102 198 2158 Adue
225 2102 258 2156 iis
280 2104 468 2159 Astroncmica
497 2103 628 2177 quaedam
658 2104 779 2177 exempla
805 2105 833 2159 in
862 2103 1002 2159 Chaldaica
1024 2099 1143 2161 perroto

123 2185 195 2259 apud
222 2186 417 2244 Ptolemaeum.
462 2189 536 2257 Quae
566 2190 653 2245 omnia
682 2189 743 2245 alibi
776 2189 930 2261 diligentius
964 2185 1142 2259 explicantur.

113 2270 197 2327 ‚Inter
217 2271 452 2329 Macedonicorum
480 2275 614 2330 mensium
643 2291 675 2329 er
703 2274 735 2329 iis
762 2273 888 2328 omnibus
910 2271 977 2328 ordo
998 2271 1050 2325 iste
1072 2283 1144 2325 con-

113 2355 278 2412 stituendus
300 2365 351 2413 est.

160 2544 248 2585 Menses
264 2543 348 2583 Iudaici
412 2505 462 2544 Men
448 2505 584 2594 nffsnffiace'
673 2537 760 2576 Menses
773 2534 843 2575 Atticl
912 2481 1112 2584 (bilibribsfelrbnibssal

921 2588 962 2626 tcrl
975 2584 1108 2634 respondent

389 2653 550 2727 :acutule
632 2649 865 2758 Ἐλαφηβολιών
903 2659 1013 2716 Martius

319 2804 321 2808 Α
383 2738 574 2824 Ἀρτεμίσιος
632 2733 822 2817 Μουνυχιών

387 2825 521 2898 Aetolos
635 2822 819 2909 Θαργηλιών
903 2831 986 2888 Maius

386 2910 534 2990 Πάνεμος
629 2904 868 3015 Σκιρροφοριων
903 2916 995 2972 lunius

386 2997 489 3081 Λῳος
629 2991 863 3075 Ἑκατομβαιών
902 3001 986 3057 lulius

389 3083 558 3165 Populator
634 3077 865 3184 Μεταγειτνιών
1122 3152 1126 3159 ⁸

343 3168 346 3172 ’
384 3164 615 3251 Ὑπερβερεταῖ-
633 3162 841 3247 Βοηδρομιών
903 3164 1065 3242 September
1122 3166 1126 3173 '

114 3263 334 3329 ,llarchesuvan
388 3253 467 3324 Δῖος
568 3256 616 3332 [ος
633 3243 884 3354 Μαιμακτηριών
904 3251 1026 3310 October

141 3348 258 3411 Cbaslcu
382 3333 560 3410 'senellam
632 3330 825 3437 Πυανεψιών
903 3333 1054 3394 November
1123 3410 1126 3417 Ι

141 3433 246 3490 Tebetb
387 3419 567 3495 Αὗδυναῖος
632 3412 811 3481 Hooculaoir
906 3418 1054 3514 December

141 3603 213 3661 bdar
340 3604 342 3609 ’
389 3592 536 3673 Λυστρος
631 3529 856 3670 Ἀνθεστηριών
904 3589 1079 3648 Februarius.
1121 3576 1127 3601 ³
