2534 4154
477 338 767 421 rnrunurmsroses.
1071 327 1134 391 189

105 494 186 571 opud
203 494 381 559 Christianus,
405 493 453 551 sed
475 503 502 552 et
516 492 588 568 apud
595 495 783 567 fibnperamres
798 494 872 568 ipsos
888 495 1033 568 plurimum
1049 499 1135 570 gratia

104 590 137 641 et
161 580 399 637 commendatione
420 579 548 636 valuisse.
576 579 641 637 Nam
663 588 692 636 et
713 580 887 637 allammaea
901 581 1071 638 Antiochiam
1087 601 1135 640 ac·

107 667 184 730 citare
207 665 306 723 dicitur
338 673 368 722 et
394 664 427 720 ad
449 664 604 738 Philippum
635 664 748 739 eiusque
770 666 914 739 coniugem
935 665 1027 723 literas
1051 667 1133 727 dedit,

106 751 185 822 Ouid
213 750 298 824 igitur
319 749 465 813 attinebat,
495 749 653 807 nominatim
676 750 749 809 Decii
772 759 800 807 et
821 751 930 825 quidem
952 752 1033 808 unius
1055 770 1135 809 men·

109 838 216 895 tionem
239 833 348 892 tacerel
369 835 447 903 ,Quin
471 843 498 890 et
519 834 586 893 illud
608 844 690 907 auget
711 835 925 901 admirationem,
949 837 1022 909 quod
1037 837 1084 894 lib.
1100 838 1134 896 de

64 918 76 930 “
107 921 198 978 lond.
223 929 251 978 et
271 919 357 977 Mens.
380 923 476 992 pilii
499 919 609 992 scripsit
620 919 797 992 Epiphanius,
821 921 965 994 origenem
987 921 1020 978 ab
1043 923 1135 997 lmpe·

107 1006 212 1067 satoris
233 1004 308 1063 liecii
334 1013 458 1078 tempore
486 1005 520 1061 ad
542 1005 647 1061 Callum
675 1014 703 1061 et
725 1004 902 1063 Volusienum
931 1015 958 1062 et
988 1007 1059 1064 ultra
1080 1008 1135 1069 ssav

107 1091 211 1154 ruisse.
239 1092 318 1147 buno
340 1089 432 1147 Severi
455 1090 559 1147 decime
581 1089 715 1147 Leonides
730 1090 855 1162 Origenis
876 1099 954 1164 pater
975 1094 1133 1166 martyrium

109 1175 196 1240 abiit,
226 1190 288 1233 cum
310 1174 441 1248 Origenes
468 1179 502 1234 ll
532 1175 629 1231 aetatis
651 1174 748 1248 agebat
769 1192 887 1240 anuum,
916 1184 948 1233 ut
969 1177 1069 1235 author
1092 1187 1134 1235 est

109 1258 246 1318 Eusebius
263 1261 293 1325 6,
309 1261 337 1317 2.
360 1259 422 1317 Vuit
444 1261 467 1315 is
482 1277 569 1316 annus
584 1259 684 1316 Christi
699 1259 807 1317 circiter
823 1261 893 1321 202.
934 1260 1001 1317 Nam
1016 1262 1133 1327 Severus

109 1363 184 1403 suno
211 1345 268 1402 lere
296 1348 354 1403 193
383 1345 525 1418 imperium
549 1361 661 1403 exorsus
685 1355 736 1401 est.
781 1345 839 1403 Hoc
860 1345 885 1403 si
905 1346 942 1401 ita
966 1355 1023 1411 est,
1053 1357 1132 1404 natus

109 1431 164 1487 erit
187 1429 318 1503 Origenes
341 1446 412 1485 anno
429 1430 528 1489 Christi
547 1432 615 1489 186.
648 1430 714 1485 Vixit
736 1441 827 1487 eutem
849 1431 929 1489 aunis
943 1432 992 1497 69,
1016 1441 1048 1487 ut
1062 1431 1133 1488 idem

110 1515 163 1573 ll
188 1519 239 1573 ct
266 1524 391 1571 testatur.
422 1515 511 1584 Ouare
533 1515 649 1571 moritur
671 1531 743 1572 enno
762 1517 832 1578 254,
856 1515 897 1576 vel
919 1516 1054 1588 sequenti,
1078 1533 1132 1589 quo

112 1600 204 1663 Gallus
227 1609 254 1656 et
278 1600 437 1657 Volusianus
458 1600 614 1674 interempti
636 1608 711 1656 sunt.
726 1643 729 1647 .
747 1601 801 1657 lam
824 1600 898 1658 Decii
919 1601 1022 1674 primus
1045 1618 1132 1659 annus

109 1685 206 1742 incidit
226 1685 255 1741 in
272 1685 369 1742 Christi
388 1687 458 1757 251,
482 1702 536 1758 quo
552 1684 661 1757 quidem
677 1685 808 1757 Origenes
825 1687 863 1742 66
879 1702 981 1743 annum
995 1685 1132 1760 attigerat.

109 1769 171 1827 lion
193 1769 277 1843 igitur
297 1768 331 1825 ab
354 1769 400 1827 illo
423 1770 531 1827 demum
553 1780 676 1842 tempore
695 1763 972 1847 yrmpiCroOequel
987 1762 1134 1851 ἀκμᾴζειν
1187 1756 1194 1776 ⁴

109 1854 212 1929 opepit.
241 1854 372 1927 Equidem
395 1870 493 1912 vereor
513 1872 548 1912 ne
570 1855 614 1911 hic
637 1872 747 1929 quoque
769 1855 950 1914 hallucinatus
966 1855 1133 1931 Epiphanius

110 1939 222 1997 Occium
251 1956 301 2012 pro
331 1940 430 1999 Severo
459 1940 616 2013 sumpserit.
659 1940 727 1996 Nam
753 1940 782 1996 in
809 1939 878 1997 libro
909 1940 943 1998 de
964 1941 1083 2008 Pender.
1107 1951 1134 1999 et

108 2041 198 2083 mens.
221 2033 366 2097 postquam
387 2026 508 2098 insigues
531 2024 634 2100 aliquot
656 2025 796 2098 llartpres,
820 2027 866 2098 qui
888 2025 940 2083 sub
957 2026 1038 2084 llecio
1060 2027 1133 2101 passi

111 2109 228 2174 luerent,
252 2110 417 2182 percensuit,
433 2111 515 2167 veluti
531 2109 666 2184 babylam,
683 2110 839 2175 Fabianum,
855 2111 1046 2176 Alexandrum,
1064 2112 1134 2169 sub-

109 2194 181 2258 iicit:
205 2189 255 2249 irai
277 2185 371 2261 adeda
393 2189 426 2252 δὲ
447 2187 600 2273 Ὡριγένης
621 2189 721 2251 πολλὰ
742 2189 908 2262 πεπονθώς
921 2192 964 2262 εἷς
977 2191 1064 2262 τέλος
1078 2198 1133 2253 τοῦ

108 2273 282 2355 μαρτυρίου
305 2271 361 2335 οὐκ
382 2272 530 2355 ἔφθασεν.
563 2280 631 2336 Tum
654 2280 786 2354 reliquam
809 2280 993 2337 narrationem
1013 2279 1134 2337 subtexit

109 2363 144 2420 de
166 2363 335 2436 profectione
357 2364 383 2420 in
405 2364 592 2428 Palaestinam,
617 2365 705 2439 deque
723 2366 761 2422 28
784 2380 895 2421 secessu
917 2365 953 2419 in*
966 2363 1036 2420 urbe
1051 2365 1131 2438 Tyro,

109 2465 181 2521 quae
203 2448 338 2505 hocloco
361 2449 472 2506 uberius
496 2450 647 2522 exequitur.
677 2449 761 2524 Atqui
782 2450 849 2507 bace
872 2449 1003 2507 diuante
1021 2449 1132 2511 Decium

109 2533 241 2591 accidisse
262 2549 376 2591 necesse
398 2543 449 2591 est.
481 2534 592 2590 Videtur
614 2549 679 2608 erga
698 2551 753 2608 -pro
768 2533 869 2591 Severo
892 2533 1058 2607 imprudenti
1079 2534 1133 2591 oh-

109 2618 230 2692 repsisse
251 2617 366 2677 Decius..
412 2664 414 2671 .

109 2747 123 2753 ..
195 2693 277 2777 τάχα
298 2697 332 2763 al
352 2699 384 2760 ἓν
398 2693 559 2779 Ἀθήναις]
606 2703 634 2760 Si
655 2702 683 2759 id
698 2711 879 2769 resumam,
909 2702 1040 2764 diversam
1063 2705 1133 2767 hane

109 2786 145 2849 ab
173 2787 220 2847 illa
247 2789 444 2862 protectionem
473 2799 584 2862 oportet
611 2789 710 2855 inisse,
740 2790 818 2848 cuius
846 2790 970 2849 meminit
998 2789 1132 2851 Eusebius

110 2874 201 2939 Cli,
226 2873 354 2946 quasub
377 2875 528 2934 Alexandro
550 2875 648 2949 lmper.
671 2874 724 2930 iam
747 2884 835 2933 aetate
858 2883 886 2937 et
908 2875 1069 2933 eruditione.
1083 2875 1133 2939 fir,

107 2966 207 3021 matus
222 2959 353 3032 Origenes
382 2960 409 3019 iu
432 2960 570 3017 Graeciam
595 2978 611 3016 e
633 2959 784 3020 Palaestina
806 2961 945 3034 perrexit..
979 2960 1132 3029 Quinetiam

108 3053 204 3107 namet
230 3043 301 3103 idern
329 3061 353 3101 e.
371 3046 410 3103 25
436 3046 553 3122 Athenis
582 3046 793 3105 commentarios
813 3046 843 3102 in
864 3044 1035 3105 Ezechielem
1055 3044 1132 3101 illurn

106 3127 267 3189 absolvisse.
552 3180 553 3185 ,
798 3172 800 3177 .

91 3246 113 3266 .·
197 3213 316 3275 etad„
331 3209 384 3270 rael
410 3204 470 3292 peip
499 3216 595 3295 καιρῷ
622 3215 708 3288 nors]
754 3214 867 3283 Quando
894 3213 947 3271 ista
968 3213 1133 3287 contigerint

107 3298 222 3363 nonnisi
240 3299 397 3359 mriectura
419 3301 550 3373 consequi
572 3318 728 3374 possumus.
755 3299 834 3368 Quae
855 3297 909 3356 uisi
923 3315 966 3357 me
980 3297 1056 3363 fallit,
1080 3297 1131 3355 sub

107 3383 219 3443 Serere
233 3384 302 3442 haee
323 3401 420 3458 passus
435 3393 478 3441 est
492 3386 623 3459 Origenes
638 3386 728 3441 adbuc
742 3383 922 3459 adolescens..
942 3383 1006 3443 Vide
1021 3381 1133 3449 Eusebii

106 3485 133 3531 aa
151 3471 180 3529 b·
211 3471 300 3543 litque
322 3469 421 3533 iccirco
443 3470 589 3542 quideme
612 3467 762 3529 Gentilibus
776 3468 1130 3543 adrasumfessasuspieor,

106 3553 394 3628 quoddegpptiorum
406 3553 525 3613 Deorum
539 3553 724 3613 ministrirasi
739 3562 842 3618 esseut,
856 3562 888 3611 ut
899 3553 965 3628 Syn.
975 3554 1024 3612 lib,
1035 3554 1133 3613 delin-

108 3654 182 3713 eom.
200 3638 505 3721 &irrotulabuntur
522 3639 555 3700 de
570 3640 649 3708 bide,
665 3639 764 3716 aliique
779 3637 934 3714 complures
948 3639 1111 3725 sgsidcantr
