2534 4154
145 293 208 355 tao
597 304 711 353 ruram

146 451 224 540 ἄλλῃ
247 453 346 539 ἡμέρᾳ
368 451 410 526 ὥς
431 448 509 515 aidau
532 451 625 516 αὐτὸν
645 457 871 534 περιπατοῦντα
888 450 961 535 ἔφη·
985 439 1076 525 οὗτός
1090 451 1174 539 interl

146 555 197 603 etc.
230 547 303 615 Quae
327 545 437 601 diversis
459 545 486 600 iu
509 543 686 601 commatibus
706 545 844 617 leguntur.
872 544 959 605 Porro
975 560 1025 616 pro
1042 561 1074 601 eo
1091 543 1174 616 quod.

144 631 225 704 vulgo
254 631 383 703 scriptum
412 639 468 694 est,
498 631 536 708 τῇ
566 623 722 706 ἐπαύριον,
752 629 916 702 Epiphanius
938 629 1004 702 legit
1025 631 1063 706 τῇ
1086 620 1175 707 ἄλλῃ·

144 709 262 796 ἡμέρᾳ,
284 715 389 799 nisipa
412 713 503 788 potius
526 715 713 787 interpretatio
734 714 778 770 sit.
809 714 843 770 Ut
859 723 886 770 ct
901 723 995 770 noster
1009 715 1175 787 Interpreoa:

147 799 246 858 Altero
274 801 327 857 die.
371 802 406 855 At
434 800 520 872 prima
541 799 695 856 testificatio
718 799 798 872 paulo
822 808 885 871 post
906 799 1168 871 baptismumlaeta

145 888 261 944 videtur.
292 885 367 941 Unde
390 886 461 941 inter
482 885 646 958 baptismum
671 884 778 948 Christi,
803 901 833 939 ac
855 884 968 957 primam
990 884 1062 940 illam
1085 883 1172 943 testi·

146 972 300 1028 ficationem
316 979 342 1025 ct
358 971 550 1043 Apostolorum
565 971 742 1034 vocationem,
766 969 961 1041 protectionem
978 969 1004 1025 in
1021 969 1173 1035 Galilaeam,

146 1056 334 1113 intercessisse
363 1063 440 1128 putat
462 1055 642 1128 Epiphanius:
673 1055 712 1109 de.
735 1071 788 1127 qua
815 1054 984 1127 proiectione
1013 1054 1086 1111 haud
1109 1053 1167 1109 seio

93 1151 96 1158 '
147 1159 180 1198 au
202 1143 384 1214 Interpretum
406 1141 586 1196 Doctorumve
617 1139 759 1214 quisquam
793 1139 954 1194 meminerit.
1000 1139 1053 1195 Sed
1076 1154 1169 1213 neque

146 1227 253 1297 loannis
280 1225 361 1281 verba
391 1226 432 1280 vel
460 1225 594 1280 minimam
625 1224 682 1279 cius
705 1222 928 1295 significationem
952 1224 1015 1279 clare
1038 1223 1104 1279 mibi
1126 1223 1172 1295 iii-5.

148 1312 256 1367 dentur.
287 1311 352 1366 Vide
375 1313 462 1374 old,
486 1310 533 1365 ubi
556 1309 707 1365 accuratius
732 1326 762 1363 ea
784 1318 937 1380 temporum
961 1308 1101 1365 intervalla
1123 1307 1169 1387 di·

146 1405 288 1470 geruntur.
334 1397 399 1452 Post
419 1396 586 1468 baptismum
610 1398 648 1450 40
673 1394 775 1449 dicrum
798 1394 926 1448 ieiunium
951 1394 1083 1468 sequitur,
1108 1402 1167 1449 tum

146 1480 330 1538 hebdomades
353 1480 410 1536 lere
433 1480 510 1544 ditae,
535 1479 633 1552 quibus
649 1478 770 1533 Nazareti
792 1479 819 1535 iu
838 1479 923 1551 patria
940 1478 1010 1533 uixit.
1042 1476 1110 1533 ilinc
1133 1478 1170 1535 ad

103 1569 132 1620 bl
146 1568 272 1622 loannem
296 1565 447 1629 revertitur,
472 1582 485 1618 a
509 1581 563 1638 quo
586 1564 693 1637 agnitus
716 1581 746 1618 ac
762 1563 963 1618 demonstratus
979 1572 1029 1626 est,
1054 1580 1085 1618 ac
1102 1571 1170 1619 tune

145 1652 269 1708 Andreas
292 1651 365 1706 illum
389 1667 450 1705 cum
472 1649 547 1705 socio
570 1656 680 1705 secutus
703 1656 759 1705 cst:
788 1648 850 1705 iude
872 1648 986 1711 Petrus,
1015 1656 1079 1720 post
1100 1647 1172 1719 rui,-

144 1736 253 1832 lippus,
284 1753 314 1790 ac
336 1735 497 1796 Nathanacl,
528 1735 677 1790 secundum
699 1751 768 1809 quac
792 1734 893 1807 nuptiis
916 1734 1046 1789 interfuit.
1093 1708 1172 1801 Quab

147 1821 236 1877 omnia
260 1821 374 1875 (luorum
398 1819 562 1892 aBuptisnio
586 1819 719 1875 mensium
742 1819 881 1874 intervallo
904 1826 980 1891 gesta
1002 1825 1089 1890 putat,
1114 1818 1171 1873 hoo

147 1913 298 1978 estusque
321 1904 539 1967 adVllauuaru
564 1922 617 1977 quo
640 1904 682 1959 die
705 1904 806 1976 nuptiis
829 1904 959 1969 interluit,
983 1900 1170 1959 cumVlEid.

147 1981 288 2054 Novemb‚
318 1997 349 2044 ut
377 1989 524 2043 arbitratur
545 1987 720 2061 Epiphanius,
750 1990 886 2045 aloauue
909 1986 1059 2060 baptizatus
1083 1994 1172 2045 esset.

150 2073 319 2147 colliguntur
342 2073 398 2128 dics
422 2075 470 2129 60.
514 2073 644 2128 Nimirum
668 2073 736 2130 40
730 2073 838 2138 ieiunii,
864 2083 919 2129 tum
948 2078 993 2137 ll,
1018 2068 1148 2146 quib'ns
1140 2088 1171 2131 tat

37 2157 46 2163 ’
147 2160 233 2233 patria
251 2168 277 2214 et
293 2158 407 2214 Galilaea
423 2157 552 2213 constitit.
583 2159 682 2214 Postea
704 2152 815 2212 biduum
838 2175 892 2230 quo
916 2158 947 2213 ad
970 2159 1098 2214 loannem
1121 2173 1171 2213 ac

149 2244 239 2300 cessit.
280 2245 346 2301 ltcm
369 2243 480 2298 biduum
504 2242 584 2307 aliud,
609 2259 669 2298 cum
692 2242 822 2305 Andreas,
847 2243 907 2298 inde
930 2242 1027 2299 Petrus
1050 2259 1112 2297 sese
1134 2238 1170 2297 aid

149 2348 210 2385 cum
241 2329 418 2403 applicarunt.
464 2328 554 2383 Altera
582 2345 645 2384 vcro
669 2328 711 2383 die
733 2327 874 2400 Philippus
897 2345 928 2382 ae
950 2326 1098 2382 Nathanael
1121 2343 1172 2383 vo·

149 2416 216 2471 cati:
247 2415 362 2487 denique
392 2414 471 2470 tertio
501 2414 543 2469 die
571 2422 635 2487 post
662 2412 787 2468 ultimum
809 2412 875 2468 illud
898 2412 1025 2477 biduum,
1056 2412 1170 2485 nuptiae

149 2499 321 2577 subsecutae.
351 2500 389 2554 lta
414 2502 451 2556 60
476 2499 532 2554 dics
556 2498 707 2572 explentur.

235 2587 294 2641 437
313 2601 335 2639 c.
368 2579 416 2638 καὶ
440 2578 545 2640 λοιπὸν
566 2585 676 2658 σημεῖα
693 2579 765 2655 ἐκεῖ]
796 2583 862 2638 Post
877 2581 1032 2654 nuptiarum
1049 2579 1170 2659 officinm

151 2668 273 2723 Christus
298 2669 483 2740 Capharnaum
507 2687 567 2724 scsc
590 2669 720 2734 contulit,
745 2667 791 2723 ubi
813 2667 934 2740 prodigia
957 2665 1041 2721 multa
1063 2672 1173 2739 patrata

149 2751 234 2807 eredit
256 2751 438 2825 Epiphanius,
467 2754 540 2809 velut
569 2770 630 2808 etim
657 2770 765 2809 socrum
788 2753 861 2808 Petri
883 2752 1043 2807 febrientem
1066 2750 1171 2807 curavit

149 2844 176 2892 et
205 2836 304 2892 aridam
329 2837 449 2891 hominis
476 2855 585 2893 manum
608 2838 737 2894 restituit.
782 2837 836 2893 Sed
855 2854 1001 2910 perperam
1023 2835 1173 2893 haec-duo

148 2921 275 2976 miracula
299 2920 325 2976 in
348 2920 419 2976 idem
441 2930 549 2995 tempus
572 2923 703 2978 coniecta.
734 2922 798 2977 Nam
822 2921 951 2986 alterum,
974 2923 1027 2978 hoc
1048 2930 1093 2977 cst
1112 2920 1174 2976 ari-

149 3006 198 3063 dae
220 3023 315 3061 manus
338 3006 490 3071 restitutio,
514 3007 595 3079 louge
618 3015 681 3079 post
703 3007 778 3079 prius
801 3007 866 3061 illud
890 3007 1017 3079 contigit,
1041 3005 1173 3061 nimirum

147 3100 212 3166 post
232 3092 351 3154 Pasclm,
381 3092 531 3147 secundum
560 3091 632 3166 quod
655 3109 705 3163 por
726 3099 783 3147 sata
806 3107 868 3147 cum
891 3091 1030 3165 discipulis
1047 3091 1169 3147 transiit.

149 3177 201 3234 Sed
226 3176 297 3233 de''
281 3195 313 3233 us
335 3186 430 3249 postca
452 3177 486 3233 ad
508 3196 532 3232 e.
550 3177 598 3234 28.
642 3176 775 3249 Imposuit
796 3166 945 3250 Epiphanio
974 3175 1173 3249 multiplexao

149 3263 270 3319 diversus
293 3262 326 3317 ad
349 3261 535 3335 Capharnaum
557 3261 646 3321 aditus
670 3259 778 3317 Christi.
1163 3286 1172 3323 1

235 3346 339 3405 438d.
370 3343 511 3403 ἐντεῦθεν
530 3339 589 3422 γὰρ
612 3339 662 3400 καὶ
686 3339 831 3417 ἐπέκεινα]
861 3345 936 3403 Eu''
920 3364 952 3402 ris
975 3361 1054 3418 quae
1059 3343 1174 3403 disserit

148 3431 315 3504 Epiphanius
337 3432 453 3489 efficitur
474 3432 555 3506 paulo
578 3439 641 3505 post
662 3431 766 3494 ultimo
786 3440 910 3497 vocatos,
944 3447 976 3486 ao
996 3429 1048 3485 sibi
1070 3429 1172 3489 adim

149 3523 209 3571 ctos
231 3517 386 3589 Apostolos,
410 3517 535 3582 Petrum,
558 3517 691 3573 Aucbeam
714 3524 743 3572 et
764 3525 914 3583 caeteros,-
930 3515 965 3573 ad
987 3514 1173 3588 praedieatior

148 3615 211 3657 nem
233 3617 400 3674 aggressum,
425 3602 504 3659 etiam
527 3601 800 3675 autequamloanaes
814 3601 842 3657 iu
857 3600 961 3659 vincula
977 3599 1172 3673 conjiceretur.
