2534 4154
920 241 924 265 t

146 296 203 359 108
598 309 712 356 reram

227 466 286 522 249
304 482 327 520 e.
352 454 473 519 δώδεκα
489 459 634 537 κλίματα]
659 465 724 519 Nam
740 463 853 519 tetidem
868 472 1010 518 ventorum
1026 464 1163 536 regiones.

140 551 205 605 Vide
229 549 296 604 Geli.
315 551 342 613 2,
361 551 410 605 22.

228 637 287 690 252
305 652 328 689 c.
360 636 424 699 ταῖς
445 623 609 707 τριάκοντα
632 631 767 706 κλητοῖς]
806 632 934 688 Triceuos
957 631 989 688 ad
1012 633 1163 688 convivium

141 718 275 774 adhibitas
299 718 380 774 Hehr.
405 735 435 773 ae
459 719 535 789 Vulg.
559 719 666 774 cortices
690 717 799 772 habent.
831 718 924 772 Graeci
950 720 998 774 70.

226 799 275 858 καὶ
300 798 351 859 διὰ
365 797 483 874 Appia,
507 793 557 859 ὅτε
580 798 627 858 ἐπὶ
649 795 814 877 τριάκοντα
835 794 975 876 ἡμέραις]
1002 801 1051 856 Ubi
1075 803 1166 875 serip-
1200 827 1202 830 ’

142 899 199 943 tum
227 888 292 943 illut
322 897 394 943 extet
423 889 488 942 mihi
517 906 571 943 nen
595 888 722 943 eeeurrit.
768 887 821 942 Sed
843 888 870 942 in
893 887 973 959 nugis
996 904 1027 942 ae
1051 888 1164 943 somniis

141 974 240 1028 frustra
264 973 442 1028 constantiam
466 990 496 1028 ae
518 974 651 1027 rationem
675 973 774 1044 exigas.

227 1059 286 1115 253
304 1074 327 1113 e.
358 1053 408 1112 nni
431 1049 459 1112 ei
478 1053 582 1132 ,λευκαὶ
606 1055 812 1129 λευκανθῶσι]
847 1058 877 1111 ln
906 1057 1008 1112 Graece
1043 1065 1086 1112 est
1115 1051 1165 1111 καὶ

141 1137 378 1198 intentarentur.

226 1218 372 1293 πολλάκις
393 1217 589 1299 ἐπεθύμησα]
623 1225 760 1298 Nusquam
784 1226 851 1282 haee
872 1228 1007 1281 sententia
1030 1226 1057 1280 in
1080 1229 1165 1282 saeris

143 1312 227 1368 literis
253 1312 398 1385 reperitur.

228 1400 287 1454 255
305 1397 330 1452 u.
362 1389 487 1468 βασεμὰ
504 1386 663 1469 lupanari]
702 1395 785 1450 Paule
814 1395 892 1450 aliter
920 1396 987 1451 haee
1016 1394 1163 1451 verborum

142 1482 256 1538 formula
285 1482 356 1555 apud
378 1481 480 1536 Irenaei
504 1482 682 1552 interpretem
711 1489 842 1552 concepta
865 1481 965 1552 legitur
990 1482 1080 1544 1,18.
1108 1481 1164 1536 Ba·

140 1584 220 1637 syme
249 1569 392 1622 eucebuee
423 1583 532 1629 cauea,
561 1567 716 1620 irruumstu
745 1567 893 1634 dpurbuaia
922 1567 1060 1620 eaeetubu
1080 1566 1165 1636 sober

142 1652 320 1708 eametenthi.
350 1653 429 1722 Apud
444 1651 562 1705 Nicetam
585 1667 648 1705 vere
674 1649 792 1711 Cumaei,
817 1651 877 1713 bae,
902 1667 1012 1704 enuere
1033 1653 1164 1720 mystuda

141 1738 234 1791 rhaetia
257 1738 385 1799 custeint,
405 1736 516 1806 phepor
537 1735 653 1789 calathi.
686 1735 759 1802 Quae
782 1734 820 1789 sie
840 1736 1044 1807 interpretatur,
1077 1733 1165 1807 Oqut'

142 1838 170 1874 es
193 1838 278 1891 super
299 1837 406 1874 emnem
428 1821 557 1874 uirtutem
579 1820 685 1888 Putris,
710 1827 734 1874 te
756 1821 928 1883 invocantur,
952 1822 1001 1891 qui
1022 1821 1165 1876 lamentet

142 1905 265 1976 Spiritus
289 1907 376 1958 benus
395 1913 420 1958 et
435 1906 494 1959 uite
509 1905 676 1968 nominaris,
700 1905 833 1976 quonium
848 1906 879 1960 in
894 1921 1011 1977 carpere
1027 1906 1163 1976 reparasti.

143 1988 272 2043 Hebraiea
301 2005 383 2061 perro
415 1989 458 2043 illa
481 2006 542 2044 esse
564 1989 644 2044 verba
667 1990 794 2044 irenaeus
817 1998 923 2053 narrat,
953 1990 1007 2045 sive
1031 1990 1164 2046 eiusmodi

142 2091 234 2128 revera
258 2075 326 2137 sint,
355 2073 409 2128 sive
432 2091 481 2146 pre
503 2073 641 2128 Hebraicis
664 2091 679 2128 a
702 2074 912 2130 circunieraneis
935 2074 994 2130 istis
1017 2075 1089 2147 apud
1112 2075 1165 2129 irn-

142 2159 244 2231 peritos
273 2158 379 2213 iactata.
425 2160 496 2214 Sane
526 2159 635 2232 quidem
659 2160 765 2215 tametsi
788 2160 930 2232 depravata
954 2177 985 2214 ea
1008 2161 1077 2224 sint,
1109 2159 1165 2215 He-

141 2243 275 2299 braismus
299 2254 387 2299 tamen
410 2244 437 2299 in
460 2243 598 2317 plerisque
621 2245 693 2299 haud
716 2243 832 2299 obscure
855 2245 987 2316 pellucet:
1013 2252 1043 2299 ut
1065 2245 1164 2299 mirum

142 2330 177 2384 sit
200 2329 301 2384 Irenaei
318 2329 498 2393 Scholiasteu‚
522 2329 596 2401 pium
620 2338 647 2384 et
670 2329 803 2385 eruditum
829 2329 974 2394 hominem,
1000 2338 1053 2384 tam
1077 2329 1165 2385 centi-

142 2415 238 2470 denter
261 2415 286 2469 id
308 2431 477 2477 asseverare,
502 2431 532 2469 ea
553 2414 682 2470 vocabula
704 2431 756 2469 nee
779 2432 796 2468 α
822 2412 949 2478 Graeca,
972 2431 1023 2468 nee
1046 2415 1082 2469 ab
1106 2415 1165 2470 He-

142 2501 239 2563 braea,
265 2498 430 2564 Chaldaicu,
454 2500 536 2570 Syra,
561 2507 610 2556 aut
625 2497 751 2555 Arabica
774 2500 872 2569 linqua
891 2501 983 2570 petitu
1006 2515 1073 2562 ease,
1098 2517 1165 2571 pre-

142 2583 258 2654 indeque
281 2584 397 2654 Mupieu
420 2593 444 2640 et
469 2587 595 2640 barbara
612 2587 702 2655 mepte
715 2593 849 2656 pertenta
865 2600 924 2639 esse
939 2601 1024 2656 qua-m
1038 2585 1163 2639 nemina.

141 2668 247 2721 nteuim
276 2668 454 2740 Epiphaniam
482 2678 510 2724 et
536 2671 677 2725 Irenaeum
706 2670 860 2742 nuperrime
889 2669 1026 2725 Sectarius
1056 2669 1164 2742 quidam

142 2751 294 2822 reaiarguit,
318 2753 390 2824 qued
414 2753 480 2808 haee
504 2754 561 2825 ipsa
583 2753 663 2809 verba
686 2771 828 2827 perperam
851 2755 1019 2826 acceperint,
1044 2771 1106 2809 eum
1127 2755 1164 2808 ita

144 2833 284 2890 scribenda
301 2836 370 2890 siut:
395 2837 488 2891 Basem
505 2838 647 2900 harcarius,
667 2837 717 2901 Ab,
735 2839 798 2901 Ben,
816 2839 946 2893 Arruaeh.
971 2851 1079 2913 maupn
1095 2851 1163 2897 nm

143 2934 229 2979 naara
253 2935 287 2995 pv
311 2935 364 2978 :trs
409 2920 466 2975 Hae
497 2930 551 2976 est:
582 2923 608 2976 in
639 2923 748 2977 nemine
777 2932 872 2978 saneto
896 2924 982 2978 Patris
1006 2932 1034 2978 et
1056 2924 1115 2979 Filii
1138 2931 1165 2978 et
1199 2964 1202 2971 ,

144 3005 259 3078 Spiritus
280 3005 374 3060 saneti.
407 3007 428 3058 Α
447 3021 501 3077 que
520 3006 629 3079 quidem
646 3023 728 3062 sensu
747 3008 828 3080 lenge
847 3007 883 3062 ilii
894 3008 989 3064 Patres
1006 3008 1164 3064 abhorrent.

142 3091 240 3146 Verum
253 3099 283 3145 ut
295 3090 419 3146 carminis
433 3091 512 3145 huius
524 3090 601 3146 initio
615 3092 735 3146 solennis
746 3092 790 3147 ilia
800 3093 925 3157 formula,
950 3095 978 3148 ln
992 3094 1101 3149 nemine
1113 3093 1165 3148 Pa-

102 3183 131 3231 *15
143 3178 191 3232 tris
204 3186 231 3231 et
244 3176 302 3230 Filii
314 3185 341 3231 et
356 3175 471 3248 Spiritus
482 3176 577 3239 saneti,
596 3178 762 3249 praescripta
773 3177 817 3241 sit,
836 3188 942 3233 caetera
956 3188 1045 3234 tamen
1056 3178 1090 3233 ad
1101 3193 1160 3234 eam

142 3262 312 3325 sententiam,
337 3278 417 3334 quam
431 3261 557 3316 Irenaeus
572 3262 712 3334 expressit,
736 3263 854 3317 revecari
869 3272 1008 3336 poterunt,
1032 3263 1053 3317 si
1068 3263 1164 3319 leviter

142 3347 329 3402 emendentur.
360 3348 397 3402 Ae
421 3346 541 3401 fortassis
564 3348 637 3402 hunc
660 3355 707 3401 aut
729 3347 842 3413 similem
865 3349 898 3403 ad
921 3349 1028 3403 merium
1053 3348 1165 3404 ceniar-

142 3431 208 3485 nari
237 3440 367 3503 possunt,
401 3445 514 3491 runnu
544 3446 625 3491 nvn
657 3444 802 3492 urrann
827 3445 908 3492 unns
930 3431 969 3492 br
992 3441 1045 3489 ete.
1069 3445 1164 3492 unna

142 3513 231 3573 natu
256 3530 349 3576 mett:
373 3530 407 3575 ³³
431 3531 491 3576 nur
515 3530 583 3576 mlta
606 3531 712 3575 arriana.
755 3518 828 3585 Quae
852 3519 960 3592 quidem
983 3518 1116 3574 Hebraiee
1139 3524 1166 3572 et

142 3602 268 3654 Araruaea
298 3602 440 3658 inflexione
464 3602 580 3657 eundem
603 3602 681 3674 piane
711 3620 821 3658 sensum
856 3603 973 3659 recidunt
1002 3621 1084 3677 quem
1107 3603 1166 3659 Ire-
