2534 4154
105 304 175 376 318'
561 316 675 374 rernm

104 498 161 539 non
182 471 370 553 ἑβδομάδας.
410 479 443 535 Et
464 471 580 554 ἡμέρας
600 479 726 553 intelligit
747 494 848 552 quasa
864 477 969 534 solenni
985 479 1126 535 Pasehutis

104 569 209 632 ineunt,
231 575 294 621 ante
316 582 383 639 quas
405 557 423 638 ἡ
446 559 675 639 τεσσαρακοστὴ
698 564 783 620 solida
805 563 934 619 decurrit.

64 692 71 707 .
115 672 140 691 -’
189 645 245 718 τὰς
267 644 300 706 δὲ
321 641 355 716 ’ἐξ
374 641 490 724 ἡμέρας
510 651 566 706 τοῦ
581 643 711 724 Πάσχα]
743 648 796 705 Sex
817 647 869 703 illis
885 647 1014 704 duntaxat
1028 647 1125 704 dielnrs

104 736 223 801 maioris,
247 743 277 790 ut
291 743 398 798 vocant,
420 733 613 797 hebdomadae,
636 734 806 808 Xerophagia
821 733 980 789 Christianis
994 733 1126 806 imperata
1216 801 1221 813 θ
1262 801 1265 815 .

104 821 169 878 luit·
186 821 275 892 -htqui
291 819 397 875 Laodic.
414 819 477 874 Can.
497 822 551 876 50:
575 815 625 874 δεῖ
640 821 753 887 πᾶσαν,
774 818 870 891 inquit,
894 811 950 892 τὴν
970 834 1126 895 τεσσαρα-

105 898 218 980 κοστὴν
243 897 395 978 νηστεύειν
422 900 682 981 ξηροφαγοῦντας.
725 904 758 959 llt
789 902 909 959 balsamo
938 903 970 957 ad
1001 903 1067 960 Can.
1084 905 1124 960 oa

68 981 70 987 ’
103 988 202 1065 Apost-
223 1006 277 1044 non
300 989 388 1044 solum
411 988 438 1043 in
461 988 675 1062 quadragesima,
700 989 748 1044 sed
771 988 851 1044 etiam
876 996 971 1061 quarta
994 997 1125 1062 sextaque

104 1074 170 1131 ieris
191 1069 376 1150 ξηροφαγεῖν
398 1083 525 1148 oportere
549 1074 642 1130 docet:
673 1075 740 1130 adeo
764 1082 793 1128 ut
816 1090 850 1128 ne
873 1072 991 1146 aegrotis
1015 1072 1126 1147 quidem

104 1158 177 1217 alind
204 1157 327 1215 ciborum
360 1173 447 1231 genus
475 1175 555 1233 quam
578 1159 691 1232 piscium
715 1158 901 1231 indulgeatur,
932 1175 982 1214 nee
1005 1174 1126 1231 unquam

104 1242 240 1308 mmtous,
263 1244 305 1299 vel
327 1252 448 1299 extremo
471 1245 539 1298 vitae
562 1244 692 1317 periculo,
717 1244 788 1298 vesci
810 1243 899 1298 liceat.
929 1242 1008 1316 Apud
1023 1242 1128 1298 Socra-

105 1337 159 1386 tem
186 1337 277 1385 tamen
303 1331 329 1392 5,
349 1330 387 1385 22
417 1327 463 1384 ubi
491 1328 610 1384 diversae
632 1328 870 1402 quadragesimalis
892 1318 985 1382 ieiunii
1006 1344 1129 1384 consue·

103 1414 211 1471 tudiues
234 1413 417 1487 explicantur,
440 1430 496 1468 non
518 1430 613 1469 omnes
635 1413 830 1486 xerophagiam
854 1410 1027 1469 adhibebant.
1072 1413 1127 1469 Sed

104 1499 148 1556 alii
167 1498 288 1573 piscibus
312 1501 513 1562 tantummodo,
543 1498 587 1554 alii
613 1497 705 1553 avibus
727 1497 840 1569 insuper
861 1496 1024 1562 utebantur,
1055 1514 1128 1570 qnos

105 1600 137 1640 ex
157 1598 227 1657 aqna
249 1591 406 1656 procreatos
429 1583 541 1656 perinde
563 1600 594 1639 ac
615 1583 704 1656 pisces
728 1582 832 1656 Moyses
855 1591 955 1638 narrat.
993 1580 1045 1637 nttt
1066 1583 1129 1638 iru-

104 1668 194 1726 ctiltus
221 1669 333 1741 ovisque
363 1669 498 1732 contenti,
528 1667 571 1723 alii
599 1684 669 1742 pane
692 1667 765 1731 solo,
796 1666 840 1722 alii
862 1684 897 1722 ne
919 1667 993 1723 hune
1014 1667 1127 1742 quidem

104 1752 156 1809 sibi
186 1753 389 1826 permittebant.
435 1757 454 1807 Α
485 1752 610 1808 carnibus
643 1752 752 1827 quidem
785 1752 926 1807 universos
959 1751 1127 1809 abstinuisse

103 1846 213 1911 praeter
239 1847 363 1894 caeteros
385 1838 551 1910 Augustinus
575 1847 668 1893 contra
691 1837 820 1893 l'austum
843 1834 937 1892 scribit
957 1835 1004 1892 lih.
1023 1839 1073 1895 30.
1104 1839 1128 1892 h

104 1920 230 1977 carnibus
259 1930 287 1976 et
314 1923 391 1984 vino,
420 1922 561 1995 chrysost.
584 1922 662 1978 Hom.
681 1924 707 1979 8·ι
728 1922 761 1977 de
783 1921 889 1977 Poenit.
931 1921 968 1977 lle
996 1921 1127 1978 carnibus

105 2006 184 2062 etiarn
199 2005 369 2078 Spyridicnis
392 2008 463 2078 apud
478 2008 587 2061 Sozom.
611 2006 721 2061 historia
745 2006 886 2062 confirmat
908 2006 973 2062 libi
1000 2010 1077 2072 cll,
1095 2016 1128 2062 ut

104 2098 211 2147 caetera
233 2090 459 2163 praetermittam,
490 2107 558 2162 quae
581 2099 645 2146 sunt
666 2091 818 2146 innumera.
863 2091 1010 2147 Postremis
1032 2092 1128 2166 itaque

105 2174 331 2248 Quadragesimae
354 2174 448 2230 diebus
471 2192 518 2230 sen
533 2175 702 2249 xerophagia
723 2175 783 2249 lege
807 2177 920 2247 quadam
938 2175 1065 2233 omnibus
1081 2177 1129 2231 in-

104 2260 185 2318 dicta.
215 2260 290 2330 Quae
312 2259 377 2335 quid
399 2259 442 2325 sit,
466 2260 584 2316 declarat
609 2260 721 2317 Tertull.
745 2259 814 2316 libro
837 2269 931 2316 contra
946 2260 1044 2334 Psych.
1061 2265 1126 2318 cl:

103 2342 232 2418 digami
253 2363 314 2410 nos,
337 2345 433 2419 inquit,
458 2346 631 2418 quodetiam
646 2345 844 2418 Xerophagias
859 2346 1047 2414 observantie,
1069 2346 1128 2400 sie·

7 2478 9 2482 .
104 2438 200 2489 cums
222 2431 313 2487 cibem
335 2432 371 2486 ub
393 2432 468 2486 omni
483 2447 568 2485 earne
591 2439 616 2485 et
638 2433 713 2486 omni
726 2431 881 2485 iurulentia
897 2438 923 2485 et
936 2430 1127 2486 viridioribus

104 2514 259 2589 puihuepm
277 2518 379 2588 pomis,
402 2533 438 2570 ne
460 2517 527 2587 quid
548 2517 709 2570 vinositatis
723 2517 768 2571 cel
784 2517 906 2580 edemus,
928 2516 974 2571 cel
984 2522 1125 2588 potemus,

104 2601 216 2656 loeson·
236 2616 344 2672 quoque
365 2601 566 2656 abstinentium
586 2608 782 2672 congruentem
796 2600 878 2655 asido
893 2601 989 2656 motui.
1019 2600 1127 2656 Passim

104 2700 169 2740 vero
190 2694 249 2741 toto
272 2684 318 2740 illo
341 2685 410 2741 libro
433 2685 617 2758 Xerophagias
640 2685 814 2741 acatholicis
838 2685 956 2740 damnari
978 2683 1125 2757 signifieat,

104 2770 187 2843 pueri
206 2786 310 2824 nouum
333 2771 460 2840 affectati
482 2771 565 2842 officii
586 2787 694 2835 nomen,
718 2778 745 2825 et
755 2773 917 2843 proximem
933 2770 1060 2825 ethnicae
1075 2787 1127 2825 su·

100 2854 271 2928 partitioni,
295 2857 394 2925 quates
417 2856 601 2910 castimoniae
624 2856 710 2927 Apin,
734 2854 836 2910 Isidem
858 2863 884 2910 et
904 2871 1036 2926 magnum
1058 2854 1127 2912 tta·

103 2946 339 2996 imrcertorum
368 2940 524 2994 eduliorum
551 2942 713 3012 acceptione
737 2940 902 3012 purificent.
947 2940 1046 2995 Verum
1068 2956 1126 2996 non

104 3040 215 3089 omnes,
245 3023 356 3096 opinor,
388 3033 443 3079 tum
473 3024 655 3080 adatholicis
677 3026 817 3080 damnatae
840 3024 1026 3097 xerophagiae
1049 3034 1125 3090 sunt,

104 3109 152 3166 sed
174 3108 234 3165 illac
256 3108 354 3172 solum,
378 3125 445 3180 qtras
469 3109 550 3163 certis
574 3109 750 3181 temporibus,
773 3118 963 3184 praeterquam
978 3109 1011 3165 ab
1028 3109 1128 3167 Eccle-

103 3194 143 3250 sie
165 3194 329 3258 constitutis,
353 3211 385 3249 ex
407 3193 525 3248 llontani
549 3193 687 3266 disciplina
709 3192 866 3258 servabant,
889 3211 957 3271 quas
979 3194 1050 3250 idom
1073 3212 1127 3251 au-

104 3280 169 3335 thor
189 3278 294 3335 duabns
317 3277 493 3342 hebdomadis
509 3278 602 3333 delinit
624 3295 648 3333 c.
662 3281 713 3334 15:
740 3279 887 3346 Quantula
902 3279 975 3334 enim
991 3287 1032 3334 est
1046 3283 1127 3353 opud

102 3380 155 3419 nos
173 3363 335 3420 interdictio
358 3365 504 3419 ciborum?
532 3362 612 3418 Duae
633 3365 664 3419 in
678 3381 753 3419 anno
768 3364 958 3420 hebdomadas
974 3364 1126 3438 Xeropha-

101 3448 223 3518 giorcm,
244 3465 296 3503 nec
319 3456 400 3513 totus,
424 3449 549 3520 exceptis
570 3449 677 3503 seilicet
699 3448 832 3504 sabbatis
855 3458 881 3504 et
892 3448 1056 3513 Dominicis,
1079 3450 1126 3522 os·
1209 3514 1212 3519 ¹

101 3532 218 3603 ferham
239 3532 308 3588 Deo.
354 3533 403 3590 Ubi
430 3550 486 3588 nou
514 3533 677 3589 assentimur
699 3533 832 3598 Pamelio,
863 3535 908 3608 qui
930 3534 1125 3592 hebdontudaa

103 3632 158 3673 non
179 3633 230 3691 pro
252 3626 356 3690 septem
377 3620 488 3683 diebus,
518 3618 566 3674 sed
587 3635 637 3691 pro
660 3619 773 3676 totidem
795 3618 1015 3676 hebdomadibus
1036 3620 1126 3694 accipi
