2534 4154
163 323 226 397 308
550 375 575 388 ,λ
619 335 734 388 reram

70 512 75 519 “
163 490 353 563 declarabitur.
389 490 429 546 Ad
450 491 518 547 haec
540 490 653 547 Basilius
675 491 702 547 iu
725 489 845 565 Epistola
867 490 901 546 ad
924 489 1084 559 Caesenam,
1108 489 1187 546 cuius

79 638 83 644 ,
162 595 246 651 supra
273 575 460 640 meminimus,
489 592 551 631 cum
580 575 763 650 quotidianam
790 575 1009 643 communionem
1038 573 1185 648 plurimum

162 663 395 727 commendasset,
423 661 476 717 ista
504 660 627 716 subiicit:
656 653 747 735 ἡμεῖς
761 653 864 734 μέντοι
886 676 919 735 pa
941 654 1089 736 τέταρτον
1110 652 1184 715 καθ’

163 737 294 821 ἑκάστην
314 735 478 819 ἑβδομάδα
500 744 716 819 κοινωνοῦμεν,
740 740 771 801 ἐν
792 748 830 822 τῇ
852 746 998 821 κυριακῇ,
1021 740 1053 800 ἐν
1075 746 1114 822 τῇ
1137 762 1187 801 τε-

162 825 253 908 epam
281 825 332 887 καὶ
360 826 391 887 ἐν
417 831 455 908 τῇ
476 832 656 931 παμασκιυῇ
678 824 795 908 καὶτῷ
817 823 969 909 σαββάτῳ
992 824 1043 885 καὶ
1065 825 1097 885 ἓν
1119 832 1187 896 ταῖς

163 908 271 983 ἄλλοις
291 908 429 992 ἡμέραις,
451 909 504 971 ἐὰν
524 934 544 993 ῃ
566 904 672 989 μνήμη
692 905 851 993 μάρτυρός
873 930 962 980 τινος.
1002 913 1062 971 Nos
1085 923 1186 987 quater

161 1003 193 1057 iu
215 1016 325 1081 quoque
339 1001 516 1056 hebdomada
530 1000 776 1065 communicamus,
798 999 958 1066 Domim‘ca,
979 1000 1056 1072 seria
1071 1008 1183 1071 quarta,

163 1086 333 1150 Parasceue,
356 1084 490 1150 Sabbata,
515 1087 565 1140 sed
587 1092 612 1138 ct
635 1086 731 1141 diebus
755 1085 883 1157 caeteris,
906 1084 937 1140 iu
958 1100 1027 1157 quos
1047 1085 1186 1141 memoria

163 1170 300 1242 Martyris
329 1171 448 1227 alicuius
477 1171 585 1226 incidit.
630 1168 706 1226 Unde
731 1169 860 1242 quande
883 1169 984 1225 ieiunio
1007 1169 1109 1230 dictum
1133 1179 1183 1234 est,

162 1256 267 1312 nullum
289 1256 318 1315 iu
341 1273 373 1311 eo
396 1254 562 1311 celebratum
583 1254 668 1310 luisse
690 1254 860 1328 llysterium‚
894 1254 1086 1327 neminemque
1108 1272 1186 1311 com-

163 1341 316 1396 municasse
343 1339 478 1406 fidelium,
509 1339 542 1394 de
571 1339 630 1395 solo
653 1338 880 1413 Quadragesimali
902 1356 952 1411 par
974 1347 1016 1394 est
1037 1339 1139 1411 accipi,
1162 1340 1185 1394 si

162 1425 356 1482 Alexandrinos
386 1425 500 1488 eximas,
529 1440 646 1497 quorum
674 1423 748 1480 velut
776 1424 913 1496 singulare
940 1423 1014 1479 istud
1036 1441 1050 1482 a
1073 1423 1186 1480 Socrate

164 1519 408 1574 commemoratur,
439 1509 511 1583 quod
541 1508 605 1564 lenia
639 1517 734 1583 quarta
763 1517 844 1582 atque
867 1516 942 1564 sexta
960 1507 1055 1565 omnia
1076 1518 1187 1582 praeter

162 1587 284 1670 τελετὴν
306 1595 447 1668 Synaxeon
474 1594 585 1668 propria
613 1593 808 1667 praestiterint.
853 1592 891 1648 lle
918 1610 973 1668 quo
1001 1594 1124 1666 proxime
1147 1594 1187 1649 ui-

163 1679 297 1736 debimus.

249 1764 370 1838 lienique
393 1763 467 1837 quod
488 1762 654 1836 Epiphanius
677 1762 821 1828 admonet,
851 1763 990 1834 triplicem
1011 1763 1092 1833 illam
1114 1762 1187 1835 Spa·

162 1850 234 1905 auia
256 1850 364 1904 dierum
386 1849 498 1904 totidem
521 1850 556 1904 ab
573 1847 715 1919 Aposioiis
736 1864 796 1902 esse
818 1849 961 1910 traditam,
984 1847 1057 1903 haud
1080 1848 1138 1904 scio
1154 1865 1186 1903 an
1242 1907 1247 1922 ,

164 1935 229 1989 satis
258 1941 333 1988 certo
363 1940 488 1988 constare
516 1941 607 2006 queat.
652 1932 717 1987 Nam
740 1932 833 2005 primis
858 1931 994 1988 Ecclesiae
1017 1932 1186 2005 temporibus

164 2035 235 2073 unus
260 2016 389 2072 duntaxat
410 2015 565 2072 Dominicus
591 2016 648 2072 dies
670 2018 704 2072 ad
727 2033 786 2071 eam
808 2033 866 2072 rem
888 2016 1047 2072 observatus
1071 2017 1185 2082 videtur,

164 2111 195 2158 ut
219 2120 251 2158 ex
272 2100 434 2174 Apostolol
460 2102 494 2155 ad
518 2100 578 2156 Cirr.
602 2103 673 2157 clss
697 2099 842 2173 colligitur.
888 2101 1038 2169 Quinetiam
1066 2102 1185 2159 lustinus

163 2186 264 2260 llartyr
284 2186 399 2259 Apol.2
423 2201 484 2242 eum
507 2186 540 2241 de
564 2184 779 2241 Christianorum
801 2185 978 2241 conventibus
1001 2186 1080 2258 agit,.
1102 2187 1186 2243 solius

141 2271 318 2329 ·llominicae
347 2271 483 2333 meminit:
513 2264 568 2346 τὴν
591 2262 624 2326 δὲ
645 2271 700 2326 τοῦ
721 2262 810 2345 ἡλίου
832 2262 949 2347 ἡμέραν
970 2272 1055 2347 κοινῇ
1077 2265 1187 2338 πάντες

163 2350 219 2432 τὴν
241 2350 414 2414 συνέλευσιν
434 2348 618 2429 ποιούμεθα.
649 2355 738 2423 Quare
760 2355 845 2428 magis
868 2355 894 2411 iil
917 2372 949 2411 ex
971 2356 1076 2429 privato
1091 2356 1186 2413 Eccle-

150 2442 220 2507 ‚siae
242 2442 375 2515 cuiusque
397 2441 451 2497 ritu
484 2457 565 2514 quam
588 2457 620 2496 ex
642 2440 780 2496 communi
799 2440 993 2514 Apostolorum
1017 2442 1185 2514 praescripto

165 2527 312 2598 derivatum
335 2526 467 2591 existimo,
492 2535 522 2580 ut
544 2535 640 2599 quarta
662 2535 768 2580 sextave
791 2525 871 2589 lenia,
895 2525 1044 2582 autetiam
1067 2525 1185 2581 Sabbata

166 2611 285 2684 synaxes
308 2621 512 2683 conventusque
535 2610 641 2666 fierent.
678 2609 763 2683 Quam
785 2610 812 2664 in
834 2627 892 2666 rem
915 2611 1042 2683 egregius
1066 2620 1108 2667 est
1130 2612 1187 2667 Au-

164 2695 267 2769 gustini
287 2695 364 2751 loeus
386 2694 514 2768 tapeta,
539 2695 585 2768 qui
607 2694 672 2749 mihi
694 2694 739 2749 hic
761 2693 954 2758 adscribendus
976 2695 1097 2751 videtur:
1121 2691 1190 2752 Atta

164 2797 247 2843 uero,
276 2779 379 2853 inquit,
404 2796 475 2851 puae
494 2796 549 2851 per
571 2780 635 2854 loca
658 2787 798 2835 terrarum
820 2781 1003 2852 repiouespue
1024 2780 1184 2845 uariantur,

164 2865 249 2920 sicuti
270 2871 311 2918 est
332 2865 407 2937 quod
428 2864 481 2919 alii
501 2865 631 2919 ieiunant
644 2862 780 2928 Sublato,
803 2865 856 2919 alii
876 2880 944 2921 uero
958 2882 1025 2931 mou,
1048 2866 1102 2922 alii
1117 2883 1186 2938 quo·

165 2951 233 3006 tidie
261 2949 464 3004 communicant
492 2949 606 3020 oprpom'
634 2956 661 3002 et
680 2949 815 3020 saupuiai
836 2949 997 3015 Dammana,
1027 2952 1081 3007 alii
1103 2952 1185 3006 certia

131 3050 136 3061 “
166 3037 264 3109 diebus
287 3034 438 3106 accipiunt,
462 3034 533 3090 alibi
554 3034 649 3089 mullus
672 3034 731 3088 dies
753 3033 954 3099 autumnitatem,
976 3051 1030 3106 quo
1045 3052 1104 3091 mou
1120 3037 1187 3108 offa-

164 3129 256 3187 ratur,
279 3120 350 3176 alibi
372 3118 497 3174 Sabbata
521 3119 854 3188 tautumletDomiuico,
877 3120 948 3174 attat
970 3127 1078 3175 tautum
1089 3121 1186 3176 Domi·

164 3206 244 3270 nico‚
273 3212 299 3259 et
327 3204 353 3258 si
380 3205 446 3275 quid
474 3203 556 3259 aliud
576 3202 735 3258 huiusmodi
757 3204 945 3260 animaduerti
962 3212 1071 3276 potest,
1101 3214 1186 3262 totum

165 3290 217 3345 itoc
250 3304 339 3361 pecua
374 3305 468 3345 rerum
496 3289 602 3344 liberas
629 3287 713 3342 habet
746 3289 965 3345 observationes.
1010 3290 1186 3347 innocentius

166 3391 249 3447 porro
272 3373 380 3446 Epistl
406 3377 465 3431 ο.4
495 3373 560 3430 seria
589 3382 664 3428 sexta
690 3381 717 3428 et
739 3371 857 3429 Sabbata
881 3373 1053 3429 Sacramenta
1076 3375 1185 3431 minime

115 3458 298 3517 355celebrari
320 3457 424 3528 scribit,
447 3459 489 3512 his
512 3457 616 3514 verbis:
645 3456 727 3527 Quod
748 3458 843 3531 utique
864 3476 922 3515 mou
943 3459 1057 3515 dubium
1079 3469 1134 3526 eat,
1155 3461 1185 3514 ιἰι

167 3550 274 3611 tautum
302 3560 348 3599 eos
369 3544 511 3599 ieiunasse
535 3543 580 3613 (de
603 3542 739 3616 Apostolis
762 3542 894 3616 loquitur)
917 3544 1001 3599 biduo
1023 3553 1186 3608 memorato,

167 3635 196 3703 ut
225 3628 340 3683 traditio
362 3628 508 3686 Ecclesiae
528 3627 648 3693 habeat,
676 3628 730 3684 isto
760 3629 844 3709 biduo
865 3626 1053 3688 Sacramenta
1070 3633 1185 3704 penitas
